2676 4786
140 373 184 446 16
479 372 527 440 Μ.
552 371 592 439 Τ.
617 369 857 454 CICERONIS

137 518 250 595 quam
263 518 330 566 suo
350 493 506 590 quisque
522 492 643 566 studio
659 507 875 591 assequutus
895 510 1010 585 esset,
1028 495 1203 601 adjunge·

13 662 16 671 -
104 650 106 652 ·
136 622 237 680 retur
249 629 335 677 usus
352 601 541 702 frequens,
562 604 627 702 qui
647 602 812 674 omnium
836 606 1090 702 magistrorum
1111 634 1204 709 prae-

139 732 244 817 cepta
265 728 462 816 superaret.
487 719 600 787 Erant
625 729 746 788 autem
773 714 860 787 huic
885 715 1006 790 studio
1032 723 1204 810 maxima,

136 854 217 927 quae
231 851 329 899 nunc
347 851 496 925 quoque
516 841 620 913 sunt,
637 823 800 924 exposita
809 827 956 923 praemia
963 823 991 917 ⁶,
1002 829 1060 900 vel
1067 829 1113 902 ad
1120 855 1202 927 gra·

136 941 243 1027 tiam,
262 938 318 1012 vel
327 936 373 1012 ad
389 961 496 1038 opes,
511 937 569 1009 vel
584 935 630 1008 ad
643 934 866 1035 dignitatem.
880 940 1029 1036 Ingenia
1044 965 1134 1013 vero
1147 942 1203 1039 (ut

136 1049 261 1121 multis
276 1048 386 1123 rebus
396 1072 592 1149 possumus
597 1045 775 1144 judicare)
786 1062 995 1121 nostrorum
1009 1050 1203 1124 hominum

136 1160 292 1232 multum
311 1160 439 1232 ceteris
457 1157 689 1232 hominibus⁷
706 1159 870 1230 omnium
886 1164 1049 1258 gentium
1068 1166 1202 1261 praesti-

136 1284 271 1343 terunt,
288 1268 432 1362 Quibus
445 1268 491 1342 de
505 1271 636 1358 cauam,
655 1264 762 1367 quis⁸
780 1294 856 1341 non
877 1270 958 1367 jure
977 1273 1142 1363 miretur,
1158 1298 1202 1346 ex

136 1383 237 1453 omni
254 1385 430 1453 memoria
454 1394 618 1468 aetatum,
648 1395 879 1480 temporum,
901 1383 1103 1474 civitatum,
1129 1399 1203 1458 tam

135 1493 306 1592 exiguum
325 1506 511 1563 oratorum
526 1515 724 1564 numerum
739 1491 913 1564 inveniri?
927 1493 990 1590 (v.)
1007 1493 1078 1567 Sed
1093 1496 1203 1567 nimi·

134 1627 218 1674 rum
233 1603 348 1699 majus
363 1616 417 1674 est
429 1601 524 1674 hoco
534 1600 731 1701 quiddam,
749 1627 859 1700 quam
876 1604 1203 1704 hominesopinan·

102 1701 105 1708 ’
135 1727 208 1801 tur,
226 1728 263 1786 et
278 1712 445 1811 pluribus
464 1737 509 1784 ex
524 1711 664 1785 artibus
678 1713 879 1811 studiisque
900 1713 1104 1788 collectum.

183 1828 227 1894 V.
241 1824 333 1915 Quis
353 1823 449 1894 enim
468 1821 567 1894 aliud
578 1834 604 1913 ¹,
624 1823 663 1893 in
678 1826 833 1895 maxima
851 1824 1067 1898 discentium
1082 1826 1204 1900 multi·

136 1934 283 2022 tudine,
309 1958 452 2005 summa
473 1935 728 2030 magistrorum
751 1935 878 2034 copia,
905 1939 1204 2035 praestantissimis

135 2043 326 2116 hominum
347 2044 518 2141 ingeniis,
538 2041 680 2114 infinita
701 2067 893 2115 causarum
916 2048 1104 2134 varietate,
1131 2071 1204 2119 am·

136 2154 305 2253 piissimis
325 2154 543 2251 eloquentiae
566 2155 764 2252 propositis
788 2156 961 2253 praemiis,
988 2181 1065 2229 esse
1089 2180 1203 2229 cause

137 2278 259 2363 putet,
275 2266 343 2336 nisi
356 2270 410 2337 rei
424 2263 618 2362 quamdam
636 2261 884 2337 incredibilem
899 2264 1202 2363 magnitudinem,

135 2399 178 2446 ao
192 2373 468 2448 difficultatem?
485 2380 546 2445 Est
561 2376 659 2446 enim
677 2388 712 2447 et
727 2375 876 2446 scientia
887 2373 1202 2473 comprehenden-

135 2483 183 2556 da
201 2511 323 2558 rerum
338 2486 594 2584 plurimarum,
613 2485 690 2557 sine
704 2510 777 2583 qua
786 2484 982 2558 verborum
997 2483 1204 2560 volubilitas

136 2600 272 2685 inanis,
293 2612 402 2694 atque
416 2595 599 2668 irridenda
616 2611 691 2684 est;
706 2611 742 2668 et
755 2599 833 2695 ipsa
846 2599 962 2668 oratio
974 2595 1205 2671 conforman-

136 2705 199 2795 da,
213 2731 288 2778 non
302 2707 419 2779 solum
439 2706 615 2801 electione
625 2761 635 2795 ,
645 2705 708 2778 sed
727 2707 834 2778 etiam
849 2709 1117 2779 constructione
1127 2733 1205 2782 ven·

133 2816 288 2907 borum3
311 2832 347 2889 et
369 2843 496 2889 omnes
510 2821 720 2889 animorum
739 2831 881 2905 motus,
896 2841 990 2914 quos
1011 2816 1204 2892 hominum

135 2930 260 3026 generi
289 2952 413 2999 rerum
440 2943 569 3000 natura
595 2926 745 3014 tribuit,
776 2928 922 3024 penitus
940 2930 1204 3027 pernoscendi3

134 3038 237 3136 quod
258 3040 377 3111 omnis
399 3040 452 3111 vis
476 3041 644 3138 ratioque
668 3037 814 3111 dicendi
834 3039 1036 3127 incorum,
1057 3043 1123 3139 qui
1143 3066 1206 3114 au·

133 3147 257 3237 diunt,
274 3146 460 3221 mentibus
478 3164 539 3221 aut
558 3148 744 3236 sedandis,
770 3162 832 3218 aut
851 3150 1049 3222 excitandis
1071 3177 1205 3252 expro-

168 3348 195 3399 6.
211 3347 333 3414 Exposita
346 3346 456 3412 praemiii.
470 3350 592 3397 Gruterus
602 3347 645 3396 dat
689 3343 757 3393 ditur
774 3344 805 3395 ab
821 3347 973 3413 Heusingero
989 3349 1021 3398 ad
1037 3350 1090 3400 cte.
1105 3353 1159 3403 Off.
1174 3354 1202 3414 1,

127 3429 265 3494 proposita,
276 3438 393 3492 nouique
402 3428 492 3479 inPall.
501 3444 554 3476 aaa
562 3443 642 3491 expo·
690 3439 738 3484 υ,
752 3441 776 3486 7.
788 3428 846 3475 Scir.

131 3509 563 3574 sita.Cetorumutrumqneexpungi
573 3522 645 3573 porro
725 3505 750 3553 8.
764 3505 823 3568 Quis
846 3523 894 3555 non
910 3509 933 3575 j.
952 3525 984 3556 m.
1003 3506 1143 3575 Sohiitaiua,
1162 3512 1207 3576 qui

134 3588 274 3637 arbitratur.
540 3623 547 3636 .
691 3600 742 3631 non
753 3584 779 3648 j.
795 3601 828 3634 m.

171 3687 195 3730 7.
215 3669 318 3717 Multum
338 3667 422 3716 ceteris
442 3666 576 3716 dominibus
596 3680 648 3712 om·
726 3679 753 3727 9.
767 3664 850 3730 Majus
863 3677 899 3714 est
910 3665 963 3716 doc.
977 3667 1076 3717 Scilicet
1087 3670 1207 3720 eximium

133 3749 201 3797 nium
214 3746 323 3813 gentium
333 3746 505 3811 praestiterunt.
517 3744 647 3793 Minisene
690 3759 741 3791 erae
755 3757 884 3793 oratorem.

133 3830 242 3893 spurium
259 3839 297 3875 eat
312 3826 462 3885 dominibus,
479 3823 647 3889 inquinaris
726 3828 757 3872 V.
772 3841 792 3874 r.
802 3825 861 3890 Quis
870 3827 935 3875 euim
951 3827 1129 3882 aliud'l'oaan.
1139 3832 1207 3884 rim,

131 3908 228 3957 incluti.
239 3906 330 3956 Ceteris
343 3905 422 3954 intell.
436 3904 548 3970 ingeniis.
562 3905 645 3967 Oppo
691 3905 792 3954 Merum.
808 3906 866 3954 item
882 3907 932 3957 rat.
951 3925 989 3973 pr.
1006 3925 1035 3957 ao
1053 3926 1103 3958 aec.
1124 3910 1206 3976 «qnid

132 3999 227 4035 nnntnr
243 3986 341 4051 ingenia
360 3987 529 4034 Rornanorum
550 3992 574 4031 et
587 3983 646 4031 alia·
690 3986 818 4049 enimquia
827 3986 922 4036 alind».
936 3988 1022 4037 Grion.
1031 3990 1206 4052 -Qumlm

133 4084 187 4115 rum
205 4067 322 4130 gentium.
349 4068 415 4127 Erat.
438 4090 473 4101 -
492 4060 648 4122 nomnibus,
691 4065 797 4114 ctionem
810 4065 939 4116 Schi'uziua
950 4067 1042 4131 edidit,
1055 4069 1149 4120 addent
1161 4085 1207 4120 u·

132 4146 201 4212 quod
214 4149 272 4196 Em.
285 4147 355 4196 uncia
367 4144 476 4204 inelmit,
488 4152 554 4191 rocta
566 4141 648 4191 deferr·
693 4147 828 4197 etot-itatem
837 4146 1133 4211 Msuuott.1‚ox.tt.2.
1145 4164 1206 4219 ang.
