2624 5294
351 407 414 476 ors
438 405 679 493 orrrorr,
704 407 838 477 orosii
863 410 898 493 1,
925 404 958 476 3.
1155 408 1196 478 13

154 527 384 629 rempublicam
409 543 579 627 possent,
604 529 710 601 muiti
738 543 880 616 nostra,
906 530 1029 629 piures
1049 544 1192 629 patrum

150 642 313 726 memoria,
345 653 456 736 atque
481 639 589 711 etiam
619 640 798 735 majorum
824 644 1056 729 exstiterunt,
1079 664 1194 740 quum

147 749 213 823 boni
226 750 357 850 perdiu
371 749 483 836 nulli,
500 751 696 821 rixantem
714 750 865 848 singuiis
882 750 1047 824 aetatibus
1063 753 1195 852 singuli

146 862 329 934 tolerabiles
353 875 515 932 oratores
540 861 802 933 invenirentur.
833 861 920 958 (ιιι.)
946 865 1017 950 Ac,
1043 867 1196 962 nequis

146 970 214 1044 iorte
230 997 317 1044 cum
345 971 423 1042 aliis
447 968 597 1058 studiis,
628 996 709 1069 quse
735 971 958 1043 reconditiso
978 971 1195 1056 inertibus,

144 1098 228 1180 atque
242 1085 281 1154 in
301 1079 460 1180 quadam
479 1081 653 1153 varietate
668 1081 854 1153 literarum
868 1096 1070 1167 versentur,
1084 1085 1196 1181 magis

143 1188 216 1264 hunc
230 1189 380 1263 dicendi
392 1192 589 1276 rationem,
605 1215 716 1289 quarn
730 1215 815 1264 cum
830 1193 1057 1290 imperatoris
1071 1191 1197 1281 leude,

143 1316 186 1372 rut
199 1325 283 1372 cum
298 1299 391 1372 boni
400 1301 577 1372 senatoris
587 1299 780 1399 prudentia
793 1303 1078 1401 comparandum
1091 1313 1122 1349 ¹⁰
1132 1329 1197 1403 pu·

143 1424 192 1499 trt;
211 1425 406 1484 convertat
422 1413 625 1483 animum1¹
647 1411 692 1484 ud
718 1437 759 1485 ea
786 1414 865 1512 ipsa
890 1415 1022 1485 artium
1048 1437 1200 1513 genera,

141 1523 483 1620 circumspiciatque,
499 1523 559 1618 qui
575 1522 612 1593 in
629 1522 673 1595 iis
690 1521 897 1608 floruerint,
910 1547 1095 1620 quumque
1110 1523 1201 1595 mul·

141 1635 217 1706 tin:
237 1635 289 1705 sic
312 1631 504 1719 facillime,
526 1647 662 1728 quanta
683 1646 872 1705 oratorum
898 1633 964 1720 sit,
986 1657 1202 1733 semperque

139 1741 236 1832 fuerit
253 1743 440 1842 paucitas,
465 1741 655 1839 judicabit.

177 1858 238 1926 lll.
257 1856 388 1951 Neque
407 1853 505 1924 enirn
528 1865 563 1923 te
586 1852 698 1952 fugit,
720 1854 851 1925 artium
865 1854 1030 1926 omnium
1045 1849 1201 1925 laudata·

138 1974 229 2035 mm¹
257 1964 539 2063 procreatricem
570 1962 786 2062 quamdam,
815 1980 853 2037 et
881 1966 986 2063 quasi
1013 1978 1201 2064 parentem

138 2095 224 2158 erm,
245 2095 356 2168 quam
383 2072 561 2166 φιλοσοφίαν
587 2069 704 2140 Graeci
727 2084 876 2156 vocant,
909 2067 956 2141 ab
989 2068 1201 2142 hominibus

138 2179 344 2254 doctissimis
358 2179 532 2277 judicari3
558 2181 595 2251 in
619 2204 693 2276 qua
714 2177 862 2251 difficile
890 2193 945 2253 est
968 2206 1200 2266 enumerare,
1271 2274 1274 2285 ‚

137 2308 222 2391 quot
237 2294 325 2380 viri,
344 2307 481 2392 quanta
503 2292 672 2378 scientia,
691 2306 900 2389 quantaque
920 2293 958 2362 in
977 2296 1052 2365 suis
1072 2291 1201 2365 studiis

139 2407 300 2476 uarietate
317 2419 354 2476 et
371 2404 476 2502 copia
498 2399 654 2485 fuerint,
679 2404 742 2499 qui
765 2427 841 2473 non
864 2428 937 2475 una
957 2403 1077 2502 aliqua
1100 2405 1137 2475 in
1163 2426 1203 2473 re

139 2518 320 2614 separatim
341 2511 583 2596 elaborarunt,
608 2510 673 2583 sed
691 2515 831 2596 omnia,
853 2539 1094 2613 quoecumque
1118 2538 1202 2613 pos·

138 2636 249 2712 καῖ’,
266 2625 324 2697 vei
338 2626 496 2698 scientiae
511 2624 813 2722 pervestigatione
823 2616 851 2712 ³,
867 2626 923 2696 vel
938 2622 1137 2697 disserendi
1152 2649 1204 2695 ra·

140 2816 252 2864 utatis
264 2826 333 2880 reget
344 2813 520 2879 rempubliosm
530 2823 555 2861 et
566 2813 644 2878 privs·
728 2828 768 2862 rs.
780 2816 910 2879 Quumque
923 2813 1013 2863 mutet.-
1025 2813 1060 2863 sie
1063 2812 1201 2876 facillime.

140 2905 213 2943 torum
222 2894 406 2944 eomroversies
419 2893 526 2942 consilio
540 2892 647 2941 dirimet.
691 2892 731 2941 Sir
743 2891 802 2943 Prii.
813 2904 894 2958 qusrt.
908 2903 970 2943 sext.
984 2904 1047 2959 sept.
1061 2904 1111 2944 oet.
1120 2906 1204 2943 rotun·

171 2989 195 3038 9.
202 2974 345 3023 mdes
356 2974 382 3023 sir
394 2971 496 3022 aradus.
505 2973 585 3020 Vertit
595 2971 647 3036 gsi-
692 2970 748 3020 dius
760 2988 818 3020 seue
831 2973 932 3038 vulgato
946 2996 958 3015 u
969 2973 1041 3023 multi
1051 2973 1118 3021 sint:
1135 2972 1204 3021 issil-

141 3053 199 3102 iirus
213 3054 359 3118 interpres:
383 3067 448 3099 νοω
466 3061 578 3116 erisque
598 3051 649 3100 i'on
691 3050 787 3111 lime»,
807 3052 875 3116 quod
897 3063 924 3101 et
944 3055 1048 3115 ejecerst
1067 3051 1116 3102 fide
1134 3054 1207 3102 unius

141 3133 224 3181 aliive
240 3131 302 3181 dsus
317 3133 341 3180 is
358 3130 488 3180 Μηίων.
505 3131 555 3178 Alii
574 3131 649 3178 inter·
693 3131 739 3180 ΜΒ
752 3132 892 3183 Lumbirms.
906 3135 993 3183 Gsur.

133 3218 261 3277 *prmum
272 3222 356 3268 urus,
375 3226 430 3276 qun
446 3208 544 3275 aliquid
559 3209 651 3259 habeut
731 3213 777 3261 111.
791 3214 916 3261 mnium
923 3214 1033 3262 omnium
1042 3213 1209 3262 laudatarum.

141 3291 340 3342 mnditivtde
355 3291 431 3349 intre,
445 3305 501 3355 esp.
513 3290 541 3350 3,
555 3289 586 3338 de
600 3305 651 3338 uss·
697 3291 833 3338 «Omnium
847 3290 998 3340 lsudstsrurn
1012 3291 1100 3339 artium
1111 3313 1121 3334 ι
1134 3301 1171 3338 est
1185 3292 1209 3338 in

142 3371 289 3432 huticis,
308 3386 401 3434 «quun
415 3368 540 3418 reooudits
555 3369 582 3417 iu
597 3384 653 3434 pur-
697 3368 800 3417 edew.
812 3387 833 3418 s.
845 3369 863 3418 l.
878 3379 934 3419 ets.
944 3371 1012 3435 Lips.
1022 3369 1132 3420 edven.
1142 3371 1214 3420 Med.

143 3461 192 3511 ten,
200 3463 227 3501 et
237 3450 324 3515 psallo
333 3461 405 3515 post:
417 3471 430 3492 ι
439 3448 572 3498 reconditis
579 3458 654 3514 utque
699 3448 733 3496 sl.
742 3448 813 3511 quod
823 3450 935 3497 Petreius
946 3460 971 3498 et
984 3447 1112 3498 Schiitsius
1122 3462 1209 3516 preto·

142 3531 225 3580 abditis
236 3529 400 3578 eicotibus».
699 3527 756 3577 lere.
770 3527 849 3577 didus
863 3526 932 3576 dedit
943 3529 1137 3579 laudandorum.

175 3626 213 3660 so.
223 3609 432 3673 ammaum.
446 3605 656 3668 &diuisurum-
736 3623 768 3656 α..
781 3611 948 3673 Qnaecrrmque
962 3620 1072 3672 possesse,
1090 3612 1146 3670 uei,
1161 3622 1208 3659 etc.

141 3690 288 3752 parandam.
700 3686 761 3735 rsit.
774 3687 883 3751 plerique
896 3698 921 3736 et
934 3698 983 3736 tres
994 3688 1114 3738 Gelliosni
1128 3707 1142 3738 s
1160 3693 1211 3738 Gu-

176 3785 216 3818 rr.
230 3772 365 3819 (hemme
377 3768 487 3817 animum
500 3768 537 3816 ud
554 3783 584 3816 eu
599 3767 654 3831 ι’ρεα
698 3765 790 3814 lieimio
800 3767 911 3828 nonai,
925 3769 982 3815 item
997 3768 1074 3818 editio
1088 3771 1211 3834 princepe,

185 3846 423 3912 circumspiciamus.
434 3849 494 3897 Nou
503 3846 570 3896 istud
579 3846 654 3895 ruodo
699 3846 735 3893 sie
745 3847 862 3911 scriptum
877 3847 982 3907 hiberin
999 3849 1096 3913 vulgatu
1116 3862 1212 3913 essene,

143 3924 225 3976 istem
239 3927 302 3976 rsit.
320 3927 417 3987 nostri,
432 3926 476 3974 sed
495 3938 520 3974 et
538 3927 597 3974 oiim
612 3927 655 3975 ius·
700 3925 755 3982 vel,
766 3927 833 3990 quod
848 3929 980 3989 jieunrtus
993 3928 1067 3977 fuerit
1083 3945 1155 3993 quum
1170 3947 1210 3978 re-

143 4007 374 4072 pressisequentes‚
386 4006 654 4054 «eonvertstsuimuru
700 4005 764 4062 rius,
779 4005 933 4055 retinendum
950 4018 1031 4056 tumen
1051 4008 1212 4072 putsbutGu·

143 4096 165 4133 et
177 4103 204 4136 es
218 4089 272 4153 ipss
334 4087 518 4152 oireumspieist
527 4119 535 4146 ,
545 4086 616 4150 quiq.
631 4086 656 4133 in
700 4084 812 4134 iieimius.
823 4086 907 4134 Geor.

143 4166 180 4228 iis,
193 4177 268 4216 ete.-
281 4168 372 4217 ὓιυτ.
738 4166 767 4214 3.
797 4164 843 4214 Vct
867 4163 976 4216 umen
1004 4166 1214 4232 pervestigatione.
