2676 4786
371 409 431 477 DE
457 408 685 492 ORATORE,
709 410 843 476 LlBEll
864 409 898 489 l,
929 406 979 487 td.
1153 398 1195 495 37

141 532 327 628 minatur),
349 532 427 602 sine
451 531 720 627 diligentissima
747 529 1045 628 pervestigatione
1074 548 1195 595 earnnr

143 646 301 713 omniurn
323 643 526 727 rationum,
552 666 632 737 qnae
652 639 697 712 de
722 644 859 712 naturis
882 637 1032 709 humaui
1057 634 1198 730 generis

144 776 178 822 ac
202 751 369 824 moribus
393 778 412 821 a
440 750 665 850 philosophis
693 751 925 850 explicantur.
957 750 1075 843 Atque
1100 741 1196 815 hand

144 862 228 946 scio,
254 885 302 931 an
318 862 438 931 minus
456 860 527 932 hoc
545 860 648 932 vobis
670 862 736 931 sim
759 857 1002 959 probaturus:
1026 855 1195 953 equidem

144 995 211 1041 non
224 964 439 1058 dubitaboss,
451 969 551 1068 qnod
562 975 698 1058 sentin,
709 970 839 1042 dicere.
849 968 996 1066 Physica
1010 969 1077 1037 ista
1087 969 1198 1063 ipsa⁴‚

142 1094 173 1151 ct
190 1082 459 1168 mathematica,
474 1096 510 1151 et
526 1106 606 1178 qnae
620 1081 742 1179 paullo
759 1095 841 1151 ante
853 1093 1053 1151 ceterarum
1067 1076 1196 1147 artium

141 1191 284 1287 propria
305 1191 470 1287 posuisti,
490 1192 645 1262 scientiae
660 1206 744 1262 sunt
767 1214 892 1262 eornm
904 1243 914 1276 ,
927 1191 991 1285 qui
1010 1187 1068 1257 illa
1085 1183 1198 1282 profi-

142 1312 271 1369 tentur.
296 1300 478 1370 Illustrare
500 1314 621 1371 antem
645 1301 806 1371 oratione
835 1302 864 1370 si
890 1300 971 1394 quis
1000 1297 1082 1367 istas
1102 1297 1196 1392 ipsas

140 1423 233 1479 artes
251 1409 353 1496 velit,
384 1408 428 1478 ad
449 1411 601 1480 oratoris
622 1408 957 1504 ci'coufugiernlnru
978 1421 1026 1477 est
1052 1402 1197 1474 faculta-

140 1530 218 1588 tem.
238 1522 367 1615 Neque
386 1521 504 1606 enim,
531 1521 560 1590 si
578 1510 790 1590 Philonem⁵
813 1518 912 1589 illum
941 1514 1197 1596 architectum,

139 1629 199 1721 qni
210 1628 491 1700 Atheniensibus
500 1631 814 1701 armamentarium
830 1626 928 1711 lecit,
942 1638 1100 1706 constat,
1119 1646 1195 1719 per·

139 1734 269 1809 diserte
287 1738 426 1836 populo
442 1742 620 1812 rationem
638 1742 757 1839 operis
775 1741 830 1809 sui
848 1736 1063 1820 reddidisse,
1080 1734 1197 1805 existi-

140 1848 310 1920 mandum
323 1864 388 1939 est,
400 1850 586 1923 architecti
597 1853 719 1949 potins
732 1848 881 1921 artificio
893 1847 1076 1930 disertum,
1086 1869 1194 1940 quarn

140 1962 305 2046 oratoris,
325 1958 442 2031 fnisse.
458 1965 552 2049 Nec,
573 1967 602 2032 si
620 1961 705 2033 huic
717 1965 766 2031 M.
786 1963 942 2032 Antonio
961 1982 1028 2054 pro
1044 1961 1194 2025 Hermu-

140 2065 226 2138 doro
240 2066 365 2139 sitisset
375 2069 419 2139 de
434 2071 613 2140 navalium
626 2095 736 2168 opere
752 2068 961 2153 dicendum,
977 2091 1068 2150 uon,
1079 2089 1193 2161 quum

140 2173 262 2247 abillo
284 2203 425 2249 cansarn
445 2178 643 2262 didicisset,
668 2183 744 2278 ipse
766 2194 891 2251 ornate
910 2179 954 2249 de
976 2177 1094 2248 alieno
1109 2176 1193 2244 arti-

140 2283 217 2358 ficio
231 2290 451 2386 copioseque
466 2289 627 2362 dixisset.
640 2296 766 2388 Neque
779 2316 864 2361 vero
881 2284 1129 2387 Asclepiades⁶
1146 2292 1192 2369 is,

140 2420 209 2490 quo
238 2422 307 2468 nos
335 2398 477 2471 medico
496 2403 685 2498 amicoque
706 2404 760 2471 usi
785 2426 927 2482 suiuus,
954 2415 1051 2483 tum,
1078 2422 1191 2494 quum

140 2505 341 2603 eloquentia
356 2510 521 2581 vincebat
532 2527 672 2583 ceteros
683 2511 858 2596 modicos,
873 2513 910 2580 in
923 2536 967 2580 eu
982 2513 989 2576 i
995 2535 1077 2606 pso,
1091 2507 1192 2604 qnod

140 2633 260 2689 ornate
276 2619 638 2708 dicebat,.medicinae
652 2623 820 2694 facultate
834 2621 1014 2705 utebatur,
1032 2644 1103 2688 non
1121 2620 1192 2688 eln-

139 2731 323 2822 qnentiae7.
343 2737 459 2828 Atque
480 2732 567 2802 illud
587 2748 640 2803 cst
664 2731 906 2830 probabilius,
927 2754 1046 2824 neque
1071 2743 1190 2797 tamen

138 2862 277 2921 verum,
303 2842 402 2937 quod
423 2845 586 2913 Socrates
610 2843 726 2914 dicere
751 2841 905 2926 solebat,
927 2864 1053 2910 ornnes
1071 2840 1108 2908 iu
1129 2862 1192 2917 e0,

137 2947 232 3043 qnod
244 2951 395 3037 scirent,
405 2952 570 3022 satisesse
582 2953 811 3050 eloquentes,
830 2949 916 3020 illud
929 2951 1061 3036 verius,
1073 2972 1190 3044 neque

135 3080 354 3154 quemquam
370 3060 407 3130 in
426 3086 469 3131 eo
491 3061 664 3141 disertum
687 3087 763 3136 esse
782 3086 903 3157 posse,
921 3058 1020 3156 quod
1039 3061 1190 3141 nesciat,

135 3206 276 3271 h.1.parum
290 3210 410 3273 eleganter
419 3212 543 3275 repetitur,
556 3222 579 3257 et
588 3212 641 3259 sino
721 3214 746 3260 6.
765 3210 928 3273 Asclepiades.
948 3208 1025 3256 Patria
1046 3209 1191 3265 Prusiensie,

134 3283 332 3350 dnbioepuriom
345 3290 464 3338 estha.
685 3293 790 3356 primurn
816 3289 955 3344 rhetoricae,
983 3287 1070 3333 delude
1097 3303 1193 3350 pressus

168 3362 192 3410 3.
203 3366 325 3429 Equidem
336 3384 386 3415 noo
398 3367 525 3416 dubitabo.
541 3366 639 3417 Schiitz.
684 3371 780 3434 inopia,
791 3368 917 3416 medicina
930 3382 1027 3430 operam
1041 3365 1117 3414 dedit.
1132 3368 1193 3416 Tan·

132 3459 163 3490 ex
176 3443 236 3493 edd.
248 3456 309 3494 vett.
319 3448 424 3496 restituit
433 3447 525 3495 dubito.
685 3463 737 3500 tum
755 3449 799 3496 arti
817 3462 868 3494 ωε
881 3444 984 3500 fidebat,
996 3456 1023 3491 ut
1036 3446 1191 3508 sponsionem

167 3524 306 3582 t.desiea
320 3525 368 3573 isto
385 3526 454 3590 ι’ρεα,
468 3527 639 3574 etmatlremo·
684 3526 812 3592 quamdam
832 3541 886 3571 curn
912 3525 1009 3572 frinone
1031 3523 1137 3579 lecisset,
1161 3543 1192 3575 ne

130 3604 192 3665 tica,
203 3615 228 3650 et
239 3622 295 3669 qna·
305 3607 391 3669 paullo
401 3618 460 3654 ante
472 3617 517 3653 eet.
531 3618 580 3653 ort.
590 3608 638 3652 01·-
683 3607 790 3654 medicus
803 3604 948 3660 credor-etur,
964 3605 982 3649 si
996 3619 1109 3665 nmquam
1123 3605 1190 3654 inva-

132 3683 211 3731 dinen
228 3685 357 3734 verborum
377 3702 432 3733 cnm
454 3687 554 3734 Petreio
573 3685 638 3732 hunc
682 3684 944 3747 liduslniasetipse3et
957 3684 1191 3748 vietorsnpremelu

132 3761 177 3807 seri
196 3777 242 3825 pro
256 3763 355 3827 vulgato
371 3783 377 3809 ι
392 3786 405 3806 ι
414 3765 477 3827 ipsa,
489 3780 543 3828 ane
554 3763 638 3827 paullo
684 3775 778 3812 senecta
786 3764 855 3826 lapsu
865 3762 980 3809 scalarum
991 3762 1190 3810 exanimatusest.

131 3851 201 3899 ante,
216 3852 241 3889 et
257 3843 441 3904 mathematice,
461 3856 486 3891 et
506 3854 639 3890 ceterarum
684 3845 770 3891 Crasso
782 3854 807 3889 et
826 3844 940 3905 Pompeio
957 3841 1092 3900 familiaria,
1108 3859 1190 3890 eorum

131 3920 217 3966 artium
229 3944 253 3979 n,
264 3922 306 3984 qni
319 3932 355 3969 est
365 3921 528 3986 perturbatus.
540 3923 603 3970 Eun.
684 3934 753 3970 aetate
768 3922 850 3968 llornit
861 3923 923 3969 circa
935 3937 1025 3968 annum
1040 3921 1072 3969 U.
1089 3923 1117 3971 C.
1128 3922 1190 3971 650.

168 3999 191 4045 5.
201 3998 338 4048 Philonem.
348 4002 385 4048 De
396 4000 499 4048 Philone
507 3999 640 4047 architecto
685 4002 790 4058 l’linius,
804 4000 847 4048 lib.
858 4002 903 4047 Vll
913 4037 921 4061 ,
933 4017 987 4064 cap.
998 4001 1043 4057 37.
1055 4000 1145 4047 Pauor.

133 4076 193 4125 Plio.
209 4078 359 4137 N.tt.v11,
378 4080 419 4140 37.
429 4078 493 4127 vide
511 4081 597 4135 etiarn,
618 4089 642 4127 et
722 4097 745 4140 7.
761 4082 817 4127 Nou
825 4079 978 4144 eloquentior.
989 4081 1046 4126 llaec
1053 4080 1123 4127 verba
1135 4080 1193 4128 sch.

134 4154 165 4202 de
178 4158 342 4218 llennodoro,
353 4159 460 4206 annebi
474 4160 536 4209 Adr.
552 4163 602 4218 xl,
619 4175 641 4207 a.
687 4160 815 4223 expunxit.
