2676 4786
206 414 213 427 .
319 457 321 463 ,
363 371 835 458 ornumornum
857 348 889 457 ι’,
915 370 968 443 ι3.
1143 374 1187 447 3⁵

131 502 241 565 torem
260 494 456 591 pertinere.
474 492 617 583 Quibus
635 516 722 591 ego,
743 507 785 564 ut
806 492 851 563 du
869 493 925 566 his
944 493 1052 567 rebus
1071 501 1191 571 omui·

114 602 192 697 ,bus
220 606 261 675 in
288 605 449 700 anguiis,
481 603 715 675 consumendi
748 604 813 675 otii
841 628 965 693 causa,
998 605 1193 697 disserant,

133 738 241 809 quum
270 699 504 799 concessero,
531 713 620 785 iilud
653 728 773 784 tamen
801 717 934 786 oratori
970 714 1127 788 tribuam
1157 734 1194 792 et

134 822 242 906 dabo,
263 838 310 894 ut
322 824 464 908 eadem,
491 822 686 921 dequibus
703 822 753 893 iiii
772 827 871 895 tenui
888 824 1048 921 quodam
1066 852 1191 901 exsau-

131 936 264 1031 guique
284 931 476 1006 sermone6
500 932 704 1031 disputant,
723 932 781 1004 bic
799 958 881 1005 curn
900 936 1000 1005 omni
1021 938 1193 1033 gravitate

131 1057 164 1114 et
178 1041 411 1137 jucunditate
432 1041 596 1141 explicet.
620 1048 705 1115 Haec
729 1067 797 1139 ego
821 1067 903 1116 cum
927 1044 1012 1141 ipsis
1031 1044 1192 1142 philoso-

130 1152 235 1247 phis⁷
269 1168 348 1224 turn
379 1153 530 1224 Athenis
561 1151 791 1226 disserebam.
822 1154 981 1252 Cogebut
1012 1160 1107 1227 enim
1134 1182 1193 1232 me

129 1265 175 1332 M.
190 1255 409 1334 Marcellus8
426 1262 484 1333 hic
494 1276 630 1350 noster,
650 1264 715 1360 qui
727 1288 827 1336 nunc
841 1263 953 1336 aediiis
970 1267 1106 1338 curulis
1119 1283 1191 1355 est,

131 1386 164 1443 et
180 1371 363 1468 profecto,
378 1375 446 1444 nisi
466 1371 571 1444 ludos
585 1372 848 1459 nunciarem,
869 1375 955 1446 huic
969 1390 1095 1448 nostro
1114 1402 1193 1449 ser-

132 1484 228 1553 moni
246 1485 451 1569 interesset,
472 1509 514 1556 uo
531 1486 703 1578 jamtum
725 1499 801 1556 erat
818 1484 1111 1559 adolescentulus
1131 1487 1188 1558 his

131 1592 255 1665 studiis
271 1592 422 1665 mirifice
441 1593 594 1665 deditus.

173 1709 251 1774 Jam
261 1728 348 1775 vero
361 1704 407 1775 de
418 1702 557 1799 legibus
571 1703 835 1790 instituendos,
849 1704 895 1774 de
906 1703 1191 1804 bello‚depnce,

133 1812 174 1885 de
185 1816 309 1901 sociis,
319 1815 365 1886 de
374 1815 624 1912 vectigalibus,
635 1813 680 1886 de
693 1816 774 1909 jure
788 1815 881 1885 civili
892 1822 925 1858 ¹⁰
935 1819 1134 1912 generatim
1151 1822 1191 1890 iu

133 1924 272 1998 ordines
296 1941 490 2023 aetatesque
511 1925 713 2024 descripto,
733 1926 855 1996 dicant
879 1927 935 1998 vel
959 1929 1189 2016 Graeci¹¹‚·si

133 2035 274 2121 volunt,
299 2039 522 2133 Lycurgum,
553 2051 616 2107 orit
645 2036 816 2108 Solonem
848 2037 1084 2134 (quamquam
1111 2038 1192 2113 illos

130 2143 275 2239 quidem
296 2170 486 2217 censemus
507 2149 544 2215 in
565 2171 720 2217 nurnero
739 2146 988 2241 eloquentium
1008 2172 1192 2245 reponen-

132 2253 208 2348 dos)
220 2257 329 2326 scisse
348 2254 498 2342 melius,
517 2280 626 2352 qunru
642 2256 883 2354 Hyperidem,
900 2270 963 2326 out
976 2259 1191 2335 Demosthe·

131 2387 229 2450 nem,
252 2365 432 2462 perfectos
448 2366 521 2460 jam
542 2365 707 2437 homines
725 2367 761 2436 in
781 2364 955 2453 diceudo,
978 2381 1015 2438 et
1034 2368 1191 2467 perpoli-

161 2549 186 2597 6.
202 2548 280 2596 Tenui
292 2548 400 2612 quodum
412 2549 580 2612 exsanguique
588 2564 638 2595 ser-
718 2556 743 2603 9.
756 2528 796 2588 De
809 2539 899 2604 legibus
912 2538 1073 2588 insumendis.
1083 2542 1129 2591 MS
1137 2542 1188 2592 Eri.

130 2640 204 2674 mone.
228 2627 272 2673 Est
291 2641 304 2673 s
322 2626 375 2675 Pul.
394 2642 443 2674 seo.
465 2637 490 2674 et
510 2625 638 2673 oburtsceo
682 2619 1189 2683 tuenalis.s0dnnguumv0mm.tsrentn

130 2705 235 2753 Masurii
244 2706 310 2755 libro
324 2722 330 2749 :
343 2721 400 2753 nam
411 2705 452 2752 aiii
464 2706 558 2768 aliquot
567 2717 638 2752 etex·
682 2714 760 2746 sermo
770 2700 800 2746 de
810 2698 994 2762 legislatoribus.
1003 2700 1071 2748 Etis.

130 2785 227 2849 sangui,
246 2785 328 2849 pium
347 2797 370 2832 et
385 2784 491 2849 exiguo,
511 2783 637 2848 quomodo
719 2794 758 2825 ιο.
778 2779 816 2824 De
833 2776 888 2837 sure
906 2776 976 2825 civili.
996 2779 1036 2824 sic
1054 2777 1120 2824 edidi
1143 2795 1189 2844 pro

129 2860 231 2926 vulgata.
247 2865 331 2912 Gnur.
683 2856 783 2919 vulgato
793 2854 893 2914 civium,
904 2854 971 2918 quud
982 2855 1014 2903 sb
1024 2855 1090 2903 Aldu
1098 2869 1143 2907 est.
1154 2860 1191 2907 lu

161 2959 186 3003 7.
200 2943 260 2990 com
278 2941 335 3005 sistis
349 2940 418 3005 phil.
430 2937 589 2987 Scribendum
603 2950 640 2987 est
684 2950 735 2982 non
750 2951 814 2999 opus
826 2935 964 2994 conjecturs
979 2935 1089 2983 Lambini
1101 2935 1192 2985 descri-

130 3036 183 3067 ειη
203 3019 272 3078 istis,
287 3021 342 3068 soil.
358 3036 421 3083 qnos
441 3020 639 3067 commemoravi.
679 3025 786 3078 ptotum.
798 3012 857 3061 Non
869 3012 909 3059 hie
920 3012 1038 3060 attinebat
1050 3011 1144 3071 dicere,
1153 3014 1189 3061 oi·

127 3099 194 3149 Eun.
207 3100 353 3149 -Obiitos
364 3111 400 3148 est
416 3100 475 3147 Ern.
487 3099 569 3161 pnuilo
584 3111 640 3148 anto
682 3110 724 3141 ves
740 3109 792 3141 sose
807 3093 833 3140 in
847 3090 945 3139 ordines
962 3101 984 3137 ot
1003 3101 1084 3138 oetstss
1099 3091 1190 3140 dosori-

128 3179 235 3237 beron,
257 3201 268 3223 ι
280 3180 437 3238 cismobunt,
455 3178 544 3234 credo,
557 3178 639 3225 omnin
683 3185 756 3236 ptos:
771 3171 814 3218 sed
825 3172 865 3232 jus
876 3184 927 3217 esse
938 3170 954 3215 i.
964 3186 990 3217 o.
1001 3184 1026 3216 e.
1036 3184 1064 3216 a.
1078 3168 1103 3216 d.
1117 3170 1191 3219 Ordi-

128 3260 268 3321 moisio,
285 3270 359 3321 atquo
377 3273 461 3305 omues
478 3255 639 3321 philosopho·
682 3268 725 3299 nes
743 3262 798 3297 snut
811 3247 969 3314 patriciorum
985 3257 1008 3294 st
1024 3245 1190 3309 plebeiorum,

128 3352 180 3383 rum
192 3336 316 3395 schola-2,
332 3346 358 3383 ut
373 3336 422 3383 sint
435 3334 541 3382 universi
556 3334 639 3398 pbilo·
683 3340 790 3387 senatus,
799 3326 921 3391 equitum,
931 3324 1022 3390 plebis,
1032 3323 1090 3372 item
1106 3325 1193 3375 chau

127 3417 200 3478 sophi
211 3407 352 3463 rhetoribus
367 3426 391 3462 et
409 3412 547 3461 oratoribus
560 3429 640 3477 oppo·
682 3409 710 3455 in
722 3423 795 3455 censu
811 3423 819 3455 ε
838 3414 919 3451 aetates
932 3403 1054 3467 pertinent
1066 3402 1097 3450 ud
1107 3405 1192 3465 junio·
1213 3408 1222 3419 “

128 3494 176 3543 siti.
188 3493 312 3542 Srwsnds
324 3494 399 3557 igitur
407 3492 479 3540 lectio
488 3493 555 3556 ipsis.
684 3504 721 3535 res
735 3498 760 3535 et
774 3485 888 3532 seniores.
903 3481 1193 3547 Describeregsusratim,

163 3574 187 3621 8.
203 3575 239 3622 Μ.
256 3574 398 3621 Marcellus.
416 3571 528 3620 Ridendu
546 3571 639 3619 Prostei
684 3577 720 3614 est
734 3565 847 3620 etiamn,
858 3561 986 3619 studio
998 3558 1045 3607 olis
1055 3562 1192 3613 re.Vid.Ci.

128 3651 226 3714 opinio,
238 3652 282 3716 qui
293 3651 334 3698 bio
345 3651 385 3714 agi
398 3660 467 3714 putat
480 3649 511 3697 de
525 3661 641 3697 constan·
684 3646 711 3694 in
723 3646 750 3693 h.
764 3660 789 3691 r.
799 3653 823 3689 et
833 3657 905 3705 supra
915 3639 946 3687 ud
956 3642 1063 3688 Herenn.
1075 3642 1097 3689 1.
1110 3642 1176 3692 Eu,

129 3730 221 3777 tissime
229 3729 272 3778 illo
282 3730 383 3778 Castris
395 3730 495 3777 inimico
502 3727 641 3788 ‚Ciceronis
725 3740 764 3771 ιι.
773 3721 865 3769 Dicant
875 3720 918 3768 nel
929 3717 1017 3767 araci.
1028 3719 1141 3768 Petreius
1151 3722 1197 3771 vri

129 3805 641 3872 aqusiietismiiisri,quiquomodondi·
686 3801 779 3850 delete
802 3801 864 3849 MSS
886 3798 990 3846 duobus.
1010 3797 1063 3860 Ego
1086 3807 1197 3865 trsnspo·

128 3885 158 3933 lis
171 3889 219 3948 jans
230 3888 336 3946 eurulis,
349 3897 405 3935 aute
419 3886 517 3934 Sullana
533 3898 643 3949 tempora
686 3880 793 3929 siendum
806 3878 889 3943 potius
901 3887 963 3940 puto
973 3876 1026 3923 sie:
1042 3877 1100 3925 uvel
1112 3877 1197 3929 dions

130 3965 243 4028 hgtsset?
256 3971 290 4015 At
300 3967 380 4025 bene,
391 3967 533 4014 sto-LV.
543 3967 572 4012 L.
584 3963 645 4011 dicit
689 3961 732 4008 Gr.
741 3980 753 3999 n
771 3959 803 4005 itu
819 3957 880 4004 bene
899 3952 1058 4018 respondebit
1074 3954 1175 4004 siturum
1189 3977 1196 4004 s

130 4059 200 4104 eum,
214 4046 245 4093 de
258 4063 310 4109 quo
320 4046 345 4092 h.
356 4045 373 4091 l.
383 4044 479 4108 sgitur,
498 4055 591 4105 putrem
604 4044 642 4087 vi·
690 4062 702 4081 α
712 4037 751 4085 rel
759 4047 859 4083 nostros
870 4033 1021 4081 decemviros
1032 4044 1182 4099 sntepomns
1193 4070 1200 4095 ‚

131 4120 182 4171 deri
195 4125 261 4173 iliius
270 4125 311 4173 oui
323 4125 404 4172 Cnsnr
413 4121 517 4185 ignovit.
688 4127 736 4163 etc.
744 4136 755 4156 ι
770 4110 1198 4175 nin.-11‚rpotdcm.vtd00urm.

1022 4204 1054 4274 3.
