2676 4786
355 386 418 456 DE
443 384 678 466 ΟΗΑΊῸΒΕ,
702 382 836 451 LIBER
862 384 895 467 Ι,
916 383 950 467 Δ.
1010 441 1014 450 .
1151 380 1191 453 15

147 505 304 600 junctum,
323 507 531 582 indicendo
548 521 670 580 atatem
688 508 816 578 vitium
831 503 886 576 vel
906 507 1104 578 maximum
1115 519 1133 566 ⁹
1146 509 1191 578 sit

148 622 299 719 amlgari
321 642 454 718 genere
466 619 641 692 orationis
655 632 765 715 atque
778 641 798 688 a
813 615 1077 690 consuetudine
1096 637 1192 690 com·

146 736 248 804 munis
260 755 391 804 sensus
409 729 618 803 abhorrere.

179 845 233 914 lV.
254 843 338 940 (rr.)
359 848 412 914 Ac
433 862 480 913 ne
501 838 592 913 illud
613 838 764 937 quidem
780 861 864 910 vere
886 836 957 910 dici
973 853 1110 937 potest,
1132 857 1195 912 aut

140 952 248 1049 plures
265 953 395 1026 ceteris
413 950 553 1024 artibus
570 951 743 1022 inservire
754 959 779 1037 ¹,
797 964 861 1021 aut
881 950 1018 1045 majore
1035 947 1192 1022 delecta·

140 1062 245 1151 tione,
261 1077 325 1134 aut
338 1085 403 1161 spe
415 1060 603 1149 uberiore,
612 1075 676 1132 aut
689 1060 844 1158 praemiis
857 1058 902 1130 ad
916 1059 1194 1158 perdiscendum

135 1172 362 1273 amplioribus
380 1172 612 1245 commoveri.
622 1176 761 1269 ¹aitque,
771 1185 813 1242 ut
823 1171 988 1243 omittam
1002 1175 1196 1262 Graeciam,

133 1309 205 1382 quae
228 1307 375 1383 semper
391 1283 609 1381 eloquentia
627 1282 798 1381 princeps
816 1295 915 1354 esse²
930 1282 1065 1368 voluit,
1087 1299 1197 1381 atque

132 1394 201 1467 illas
232 1396 400 1467 omnium
430 1393 681 1467 doctrinarum
711 1393 931 1465 inventrices
959 1392 1135 1484 Athenas,
1156 1396 1194 1466 in

130 1505 262 1604 quibus
278 1526 420 1578 somma
436 1503 582 1578 dicendi
592 1497 667 1575 vis³
682 1517 723 1574 et
737 1503 883 1573 inventa
899 1516 954 1574 est
969 1517 1005 1574 et
1019 1502 1195 1602 perfector

129 1617 161 1689 in
179 1616 252 1688 hac
266 1617 344 1713 ipsa
362 1616 505 1687 civitate
518 1611 685 1713 profecto
701 1611 990 1709 nullaumquam
1003 1613 1198 1686 vehemen-

129 1728 217 1816 tius,
236 1750 349 1824 quam
361 1726 578 1825 eloquentiae
593 1723 712 1797 studia
727 1725 931 1822 viguerunt.
953 1726 1043 1796 Nam
1060 1740 1201 1824 postea·

129 1861 257 1935 quam,
280 1838 436 1935 imperio
453 1837 617 1908 omnium
636 1836 799 1933 gentium
818 1835 1035 1923 constituto,
1055 1835 1198 1908 diutur·
1276 1919 1279 1927 ¹

129 1948 218 2019 nitas
232 1948 332 2046 pacis
348 1949 465 2019 otium
481 1945 729 2034 confirmavit,
748 1968 856 2018 nemo
875 1943 951 2017 fere
964 1944 1080 2019 laudis
1097 1951 1199 2048 cupi·

129 2056 194 2130 dus
219 2056 431 2130 adolescens
455 2080 532 2130 nou
562 2057 631 2130 sibi
656 2055 702 2129 ad
729 2055 924 2130 dicendum
949 2057 1071 2129 studio
1099 2064 1200 2133 omni

129 2167 342 2241 enitendum
359 2170 511 2267 putarit.
531 2173 583 2239 Ac
605 2171 725 2266 primo
746 2166 895 2263 quidem
916 2167 1029 2238 totius
1049 2171 1199 2246 rationis

129 2279 280 2378 ignnffl,
303 2280 368 2376 qni
391 2302 513 2377 neque
531 2279 799 2352 exercitationis
815 2277 926 2350 ullam
943 2279 1053 2365 viam,
1077 2306 1199 2381 neque

129 2390 277 2488 aliquod
301 2405 524 2492 praeceptum
548 2393 634 2463 artis
654 2413 732 2462 esse
749 2387 1024 2478 arbitrarentur,
1042 2404 1201 2480 tantum,

129 2515 308 2599 quantum
325 2505 477 2601 ingenio
488 2516 525 2573 et
535 2494 780 2600 cogitatione⁵
800 2515 988 2599 poterant,
1003 2526 1202 2601 conseque·

128 2609 273 2683 bantur.
288 2618 371 2684 Post
383 2628 525 2701 autem,
541 2611 673 2684 auditis
689 2610 897 2684 oratoribus
909 2614 1062 2698 Graecis,
1080 2617 1201 2712 cogni·

130 2725 249 2821 tisque
266 2747 395 2795 eorum
417 2724 546 2813 literis,
566 2720 812 2820 adhibitisque
834 2721 1064 2811 doctoribus,
1085 2725 1201 2798 incre-

130 2831 234 2904 dibili
252 2833 414 2932 quodam
436 2837 553 2907 nostri
575 2833 743 2905 homines
765 2832 909 2905 dicendi
936 2833 1057 2905 studio
1077 2834 1201 2934 flagra-

129 2959 272 3015 verunt.
292 2944 478 3018 Excitabat
492 2970 555 3017 eos
571 2942 786 3043 magnitudo
799 2957 835 3014 et
850 2947 1021 3031 varietas,
1039 2947 1201 3019 multitu-

131 3054 254 3152 doque
264 3057 301 3128 in
314 3058 414 3129 omni
424 3081 559 3155 genere
572 3054 883 3143 causarum,utad
892 3079 969 3127 eam
979 3055 1201 3149 doctrinam,

166 3216 191 3263 q.
212 3201 261 3250 ret
271 3203 407 3251 moxtbtum
426 3205 471 3262 sit,
492 3219 539 3267 pro
559 3214 644 3251 estex
688 3202 732 3250 mii
752 3203 857 3266 scriptus
877 3201 1030 3265 eloquentia.
1052 3205 1202 3256 Gauranos.

131 3278 189 3328 edd.
201 3297 243 3345 pr.
256 3281 392 3347 plerisque:
404 3299 460 3331 nam
471 3284 643 3344 conjunctivus
725 3283 860 3330 &Summa
881 3281 980 3329 decadi
992 3282 1041 3330 vis.
1056 3283 1203 3337 Gulielmius

132 3361 275 3423 requiritur.
294 3361 342 3411 sed
359 3363 460 3412 somate
473 3361 545 3426 plane
558 3362 642 3411 delen·
687 3361 789 3426 putabet
799 3361 841 3409 uis
850 3376 926 3408 casea
940 3360 1041 3409 librario
1056 3381 1062 3408 :
1075 3363 1108 3410 ita
1119 3365 1204 3414 Petro·

132 3438 204 3501 dum,
217 3451 364 3505 ortumque,
377 3444 442 3490 sicut
457 3453 505 3503 est,
523 3457 537 3489 e
555 3442 643 3489 vitiosa
690 3444 747 3490 nius
758 3456 854 3489 summa
867 3440 998 3498 connium
1018 3440 1060 3490 sed
1072 3443 1108 3490 sic
1124 3453 1203 3495 tamen

133 3519 347 3584 interpunctione,
371 3536 426 3585 qnae
444 3531 565 3586 punctum
589 3531 646 3586 post
690 3536 786 3569 rursum
801 3520 912 3584 loquitur
925 3520 1024 3582 Noster,
1038 3521 1069 3569 de
1083 3523 1203 3586 Oratore,

91 3625 95 3629 -
133 3595 281 3658 disjunctam
291 3610 494 3666 poneret‚qunm
509 3601 646 3648 minoresse
690 3600 734 3647 lib.
744 3604 765 3658 1,
773 3617 795 3650 cr
805 3601 847 3659 53,
858 3601 921 3648 circa
931 3599 1012 3648 linem.
1024 3602 1204 3659 Gens—sch,

133 3675 246 3736 deberet,
258 3679 327 3726 utin
343 3678 382 3727 ed.
396 3694 415 3727 s.
431 3679 448 3727 l.
467 3688 491 3727 et
506 3695 528 3727 a.
543 3680 608 3744 Lips.
622 3690 647 3727 et
692 3679 734 3728 det
746 3696 756 3729 :⁸
767 3681 812 3727 «in
827 3678 998 3744 quibusetiam
1012 3680 1108 3730 dicendi
1119 3687 1155 3732 vis
1166 3709 1186 3736 ι,

135 3757 179 3805 tts
190 3756 241 3805 llrl.
253 3758 318 3805 Erat.
728 3768 752 3817 4.
772 3759 855 3807 Totius
876 3759 981 3808 rationis
1003 3761 1093 3826 quari.
1112 3765 1141 3811 Id
1157 3779 1204 3825 est,

170 3837 215 3885 tt.
228 3852 250 3883 r.
265 3836 358 3885 oetavis
374 3837 466 3885 artibus
484 3835 605 3886 inservire.
621 3838 646 3884 Si
691 3840 750 3887 artis
759 3838 870 3896 dicendi,
886 3856 940 3903 quae
953 3843 1082 3905 praeceptis
1094 3846 1205 3895 contine·

134 3913 195 3962 lidos
221 3914 334 3963 habenda
359 3915 422 3965 eall.
442 3917 598 3977 melioribus,
621 3929 648 3966 ut
693 3920 783 3967 umw.
791 3917 859 3965 dedit
867 3917 992 3976 orationis,
1001 3921 1097 3983 vitiose,
1107 3925 1206 3992 utlrips.
1230 3936 1233 3942 ’

135 4005 159 4041 et
169 3994 315 4055 Pitboeano,
327 3994 463 4060 abjicienda
473 4007 510 4045 est
520 3996 597 4045 dictio
608 4014 649 4045 ar·
694 4008 718 4045 et
732 3997 774 4044 alii
787 3997 844 4044 libri
857 3996 922 4045 alibi.
934 4001 997 4046 Ean.

136 4076 209 4126 titus.
219 4079 303 4126 (ianr.
730 4079 756 4126 5.
771 4077 933 4142 cogitatione.
947 4081 995 4126 lnt.
1009 4080 1166 4134 meditatione
1183 4102 1205 4137 ea

173 4169 198 4203 a.
210 4155 367 4223 Eloqrtentt'oe
376 4155 490 4222 princeps
502 4170 560 4206 tate.
573 4157 650 4206 idem·
694 4157 878 4205 exercitatione.
888 4158 953 4208 Ean.
