2676 4786
132 378 178 449 30
246 440 250 454 .
462 375 511 445 Μ.
535 376 573 453 Τ..
600 376 840 445 CICERONIS

131 498 333 583 tomachns‚
343 507 380 564 et
392 492 573 565 AEachines
590 492 815 568 obtinebant.
832 497 916 564 Erat
927 499 1033 567 etiam
1047 499 1185 569 Metro·

29 682 31 687 ,
130 611 256 695 dorus,
278 608 342 703 qui
368 627 452 675 cum
476 604 545 675 illis
570 628 642 675 una
661 605 800 702 ipsum²
820 603 920 674 illum
936 603 1184 679 Cameadem3

130 717 333 816 diligentius
351 713 531 800 audierat,
550 713 736 786 hominem
758 714 920 784 omnium
947 715 984 784 in
1012 713 1186 803 diceudo,

131 842 173 927 ut
206 825 387 910 ferebant,
417 824 627 894 acerrimum
657 837 694 895 et
724 824 1020 920 copiosissimum.
1032 824 1187 922 vigebat

132 934 444 1008 auditortPanaeni
458 932 552 1002 illius
568 934 622 1003 tui
636 928 887 1020 Mnesarchus3
911 948 946 1005 et
962 936 1188 1033 peripatetici

132 1044 277 1117 Critolai
305 1042 484 1114 Diodorus
494 1037 519 1110 ⁵.
546 1041 652 1111 Multi
679 1057 782 1112 erant
811 1057 980 1139 praeterea
1004 1039 1117 1115 clari⁶
1147 1045 1187 1115 in

134 1154 360 1254 philosophia
380 1167 415 1224 et
437 1150 594 1237 nobiles,
615 1176 634 1222 a
654 1150 789 1248 quibus
806 1151 975 1223 omnibus
993 1177 1064 1224 una
1085 1178 1188 1252 paeue

134 1287 223 1335 voce
241 1263 385 1361 repellit
410 1273 588 1331 oratorem
604 1286 624 1331 a
640 1260 891 1358 gubernaculis
905 1263 1108 1349 civitatum,
1124 1287 1188 1335 ex·

134 1372 230 1445 cludi
255 1371 301 1443 ab
320 1372 419 1442 omni
437 1369 600 1441 doctrina
618 1394 813 1468 rerumque
829 1372 1005 1467 majorum
1024 1373 1190 1457 scientia,

134 1506 175 1554 ao
194 1497 334 1553 tantum
357 1482 395 1551 in
413 1478 546 1576 judicia
575 1493 613 1550 et
637 1481 911 1565 conciunculas,
938 1497 1123 1578 tamquam
1149 1482 1189 1552 in

135 1591 279 1690 aliquod
297 1593 507 1689 pistrinum,
523 1588 668 1661 detrudi
682 1604 718 1660 et
731 1590 912 1688 compingi
927 1590 1102 1661 videbam.
1118 1590 1191 1663 Sed

135 1726 201 1799 ego
214 1726 338 1797 neque
352 1700 419 1770 illis
437 1698 666 1785 assentiebar,
688 1723 805 1795 neque
827 1697 952 1768 harum
976 1700 1190 1799 disputatio-

135 1835 223 1881 num
242 1809 421 1879 inventori
441 1822 476 1878 et
495 1809 651 1905 principi
672 1807 779 1904 longe
801 1810 960 1878 omnium
978 1811 1015 1878 in
1034 1807 1191 1905 dicendo

136 1920 343 2016 gravissimo
355 1932 390 1986 et
400 1918 709 2013 eloquentissimo,
721 1916 871 2004 Platoni,
885 1920 987 2014 cujus
999 1933 1075 1990 tum
1086 1918 1192 1991 Athe·

136 2031 192 2099 nis
208 2051 289 2099 cum
303 2025 502 2097 Charmada
521 2025 725 2121 diligentius
746 2025 813 2122 legi
831 2024 1044 2126 Gorgiam⁸:
1062 2054 1139 2126 quo
1152 2028 1193 2099 iu

136 2217 200 2264 dens
209 2212 346 2263 memet
359 2211 418 2259 dicit
429 2211 592 2261 Charmadam
602 2213 640 2259 rel
722 2214 746 2260 ⁵.
761 2214 919 2279 Peripatetici
937 2215 1037 2264 Critolai
1058 2216 1192 2268 badam.

138 2290 641 2345 Glsartaidamdoademiouml'uisaeethca·
684 2294 727 2342 Est
735 2293 808 2341 lectio
820 2294 998 2344 bissenorum
1011 2296 1071 2346 Pali.
1083 2307 1107 2343 et
1116 2296 1192 2345 uiam

136 2373 221 2421 demin
240 2370 383 2435 prinoipem.
406 2369 433 2425 4⁰
454 2369 520 2416 ldem
543 2370 640 2432 seriptis
685 2372 828 2429 Gulielmii.
850 2389 947 2422 necnon
973 2377 1061 2424 Joaun.
1079 2376 1139 2437 Mai.
1167 2384 1194 2424 et

136 2451 275 2510 mandavit,
296 2448 482 2512 disputationem
511 2446 639 2509 quamdam
685 2451 755 2498 Harl.
771 2452 890 2510 duom-3
904 2464 1051 2517 testaturque
1061 2453 1147 2502 Cicero
1160 2453 1194 2501 da

138 2530 297 2585 Charmade,
316 2527 342 2574 in
361 2543 408 2590 qna
423 2526 582 2574 Academicus
596 2527 640 2574 iste
688 2528 765 2580 Finib.
774 2531 857 2590 tiuv,
869 2549 924 2597 cap.
934 2535 962 2591 5,
979 2533 1108 2582 Diodorrm
1118 2533 1195 2595 fnisse

137 2609 225 2675 probat
242 2608 384 2656 rhetoricam
396 2622 445 2653 non
458 2615 641 2662 esseanem.et
683 2610 818 2658 auditorem
839 2610 950 2659 Critolai.
966 2614 1061 2673 Porro,
1074 2628 1102 2660 ea
1118 2626 1193 2674 argu·

136 2690 244 2737 rhetores
265 2686 369 2749 exagitat
381 2701 388 2742 ς
410 2699 465 2747 quse
479 2683 559 2731 omnia
573 2684 641 2732 sexti
685 2699 780 2749 menta,
791 2688 879 2752 quibus
891 2690 993 2754 probari
1004 2688 1194 2739 Carneademad

136 2769 252 2834 Empirici
266 2765 400 2814 testimonia
414 2763 440 2811 h.
451 2762 467 2810 l.
478 2763 570 2826 optime
584 2778 642 2810 con·
686 2778 829 2830 quntunm
837 2769 974 2817 Crassinon
984 2767 1194 2830 yiaiseemtisdo·

135 2847 248 2894 veniunt.
260 2848 352 2892 Peaae.
363 2868 397 2878 -
407 2843 500 2888 Ernest.
510 2851 534 2887 et
543 2839 641 2888 Subiita.
686 2844 776 2893 nebunt
790 2861 820 2893 ne
831 2846 961 2895 catulam
971 2847 1068 2909 quidem
1079 2846 1106 2893 in
1113 2844 1195 2894 (lead

136 2925 203 2974 otiv.
216 2933 389 2986 sequentum-
396 2918 569 2974 Clitomachus,
590 2917 643 2981 phi·
688 2934 808 2985 quaestura
819 2924 935 2986 viguisse3
944 2924 1011 2987 qnod
1020 2935 1099 2972 tamen
1107 2938 1159 2988 prat
1166 2937 1193 2969 se

135 3003 253 3068 losophus
270 2999 486 3061 Carthaginiensis,
504 2998 543 3044 eni
556 3013 644 3046 nomeu
688 3002 735 3049 fert
754 3003 849 3065 vulgata
868 3001 957 3061 lectio,
980 3015 1023 3051 aet
1042 3002 1193 3067 Peripatetici

136 3075 487 3130 semiaeternitatem&
497 3075 644 3139 discipulus,
688 3079 808 3130 Critolaus
819 3090 843 3128 et
852 3081 1001 3130 Diodotusn.
1009 3084 1143 3130 Peneius.
1157 3106 1193 3119 ·-

136 3173 161 3210 et
172 3162 198 3208 in
210 3157 313 3223 regenda
324 3156 453 3205 Academia
465 3170 599 3202 succeeeoe.
609 3181 645 3191 -
689 3160 767 3220 Quem
780 3170 913 3222 sequuntur
925 3163 982 3209 Em.
995 3158 1093 3209 Sebrita.

137 3239 280 3295 balinea,
310 3234 487 3291 Academicus,
513 3233 646 3281 Melantbii
724 3236 1192 3304 6.clari.sioGuett.1,2,³.vulpo

136 3318 228 3368 Rhodii
237 3312 575 3378 discipulae-dietmarus,
586 3310 646 3376 Epi·
685 3315 808 3377 proeelen'.
826 3318 882 3365 Sca.

138 3413 236 3457 eureos,
246 3394 332 3443 audito
341 3389 482 3452 Carneade,
495 3392 599 3455 reliquit.
724 3411 748 3453 7.
770 3398 836 3442 Voee
853 3396 945 3459 repelli.
958 3398 999 3446 Sio
1010 3398 1054 3445 MS
1068 3400 1192 3446 Romae

172 3493 197 3524 a.
207 3478 289 3539 Ipsum
301 3472 377 3520 illam.
388 3467 443 3517 (iob.
454 3469 504 3533 ipse
513 3470 589 3517 illum.
688 3471 744 3520 edd.
757 3489 796 3536 pr.
810 3473 883 3537 idque
896 3476 999 3523 renituit
1012 3475 1193 3525 tueamini·

172 3555 198 3601 3.
213 3549 370 3602 Carneadem.
382 3548 422 3596 ste
431 3559 495 3594 recte
506 3548 593 3611 legitur
602 3563 642 3612 ap.
686 3562 767 3613 gutum
778 3551 861 3614 repelli
868 3568 933 3599 noee
940 3564 975 3601 eat
985 3554 1016 3600 ab
1023 3554 1098 3611 Atto,
1108 3554 1151 3617 qui
1160 3553 1193 3601 ri·

136 3633 233 3680 Victor.
244 3633 324 3678 Pearc.
336 3627 401 3675 oliv.
415 3625 480 3673 Male
493 3626 590 3688 quidam
598 3659 606 3685 ‚
615 3636 643 3673 ut
687 3628 757 3676 detur
770 3628 900 3677 clausulam
915 3647 998 3679 versus
1015 3632 1144 3680 hexametri
1158 3631 1193 3678 vi·

137 3713 229 3759 Erneet.
240 3706 410 3756 Charmadam.
420 3703 478 3751 Srb.
487 3705 527 3751 cul
538 3707 563 3753 J.
570 3708 604 3754 V.
615 3708 642 3753 1..
687 3717 738 3755 tare
748 3707 866 3767 volnisse;
879 3725 924 3756 nec
935 3726 987 3757 eam
1000 3711 1094 3759 vitavit.
1104 3712 1169 3758 aar.

138 3788 276 3839 aseentitar.
726 3785 750 3832 8.
765 3785 890 3848 Gorgiam.
908 3789 1009 3851 Gorgias
1022 3789 1129 3836 Platonis
1143 3789 1194 3837 dia·

173 3875 196 3923 4.
215 3864 316 3928 Vigebm
332 3864 392 3911 aud.
411 3859 509 3910 Schiits.
525 3862 641 3926 angebar-
688 3863 775 3926 logne,
793 3863 819 3909 iu
833 3879 883 3927 quo
901 3868 1019 3914 rationein
1032 3866 1133 3926 edocet,
1146 3883 1193 3931 qua

59 3982 64 3996 .
139 3961 185 4010 que
198 3945 257 3991 auri.
275 3968 310 3980 —-
328 3939 645 3990 Pariani...liuesareltus.
691 3940 772 3987 sutiles
781 3940 905 3990 rhetorum
922 3944 1083 4008 sophistarum
1095 3945 1194 4010 argnti:

136 4026 173 4071 De
182 4022 289 4070 Panaetio
297 4020 396 4068 Rhodio
407 4019 457 4068 vid.
469 4017 543 4068 offic.
555 4021 600 4077 111,
613 4036 625 4079 7
636 4035 643 4075 ;
689 4018 866 4070 refellebantur.
876 4023 971 4071 Tullius
979 4024 1029 4070 sire
1037 4039 1069 4071 ea
1078 4040 1120 4071 sna
1127 4058 1135 4081 ‚
1142 4026 1193 4072 sive

139 4099 641 4159 Diminuetur,5;N.D.11,s6.
687 4112 719 4144 ex
730 4098 809 4145 Crassi
825 4102 941 4149 anemae
954 4116 1003 4149 non
1017 4112 1082 4150 reete
1101 4105 1195 4151 eeaeuit
