2676 4786
129 420 171 493 52
442 430 514 496 JM.
542 429 579 494 T.
607 427 849 496 CICERONIS

125 555 280 618 Drusum
304 570 395 644 saepe
422 534 639 619 tentassem:
664 574 738 645 quo
761 550 797 618 in
819 573 950 646 genere
972 562 1029 636 tu,
1050 555 1190 623 Antoni

123 662 220 748 (vere
235 659 393 755 loquar),
410 683 609 755 numquam
626 658 713 761 milii
731 661 1000 757 percunctanti,
1016 676 1079 730 aut
1093 688 1192 757 quae·

126 768 220 838 renti
245 767 397 864 aliquid,
421 766 580 853 defuisti,
605 782 642 838 et
668 792 823 865 persaepe
849 793 927 854 me,
948 794 1028 866 quse
1054 771 1191 841 soleres

87 926 89 931 -
126 877 333 967 indicendo
349 877 560 961 observare,
580 877 744 949 docuisti.
766 881 873 949 Nunc
893 884 1064 976 quoniam
1089 896 1190 951 uter·

125 1013 197 1084 que
216 1003 372 1058 vestrum
390 986 560 1086 patefecit
576 1013 697 1058 earum
720 1014 840 1059 rerum
855 990 1010 1087 ipsarum
1024 989 1163 1060 aditum
1181 1047 1192 1073 ,

126 1122 216 1194 quas
245 1099 453 1194 quaerimus,
479 1113 514 1168 et
546 1098 718 1193 quoniam
747 1099 915 1196 princeps
938 1104 1085 1168 Crassus
1110 1101 1192 1192 ejus

125 1210 298 1278 sermonis
321 1207 486 1279 ordiendi
509 1206 595 1292 luit,
620 1205 701 1277 date
721 1206 826 1278 nobis
847 1207 938 1278 banc
958 1209 1121 1291 veniam,
1151 1224 1191 1278 ut

125 1342 185 1403 ea,
203 1343 282 1414 quae
300 1320 437 1389 sentitis
459 1315 503 1387 de
531 1317 633 1386 omni
662 1340 792 1412 genere
822 1314 984 1400 dicendi,
1007 1315 1193 1387 subtiliter

126 1430 402 1525 persequamini.
426 1425 535 1518 Quod
552 1423 700 1524 quidem
722 1427 749 1496 si
770 1427 837 1497 erit
856 1450 876 1496 a
894 1425 999 1496 vobis
1017 1429 1191 1522 impetra·

124 1553 220 1619 tum,
243 1562 405 1635 magnam
418 1535 580 1621 habebo,
600 1539 747 1623 Crasse,
768 1535 853 1606 huic
870 1536 1059 1633 palaestrae,
1074 1549 1109 1605 et
1123 1540 1193 1606 Tu·

124 1647 269 1718 sculano
285 1663 349 1718 tuo
365 1648 533 1744 gratiam,
552 1661 589 1716 et
604 1645 712 1744 longe
728 1646 926 1718 Academiae
943 1646 993 1716 illi
1008 1671 1048 1718 ac
1063 1650 1189 1742 Lyceo

123 1769 227 1826 tuum
244 1757 314 1828 hoc
332 1756 582 1828 suburbanum
596 1759 826 1855 gymnasium
846 1771 1079 1854 anteponam.

172 1871 281 1937 XXII.
300 1871 453 1937 -Tum
474 1867 551 1948 ille,
571 1872 687 1938 Immo
714 1878 840 1952 vero¹,
872 1868 1008 1963 inquit,
1027 1865 1188 1962 Sulpici,

122 1999 289 2070 rogemus
307 1979 522 2061 Antonium,
539 1980 651 2073 quiet
669 1992 788 2075 potest
805 1975 920 2046 lacere
939 1975 992 2060 id,
1013 1974 1115 2072 quod
1129 1999 1186 2047 re·

127 2087 259 2182 quiris,
275 2101 311 2156 et
327 2090 531 2172 consuevit,
544 2101 588 2156 ut
603 2101 639 2156 te
659 2087 767 2157 audio
781 2087 910 2158 dicere.
928 2089 1017 2157 Nam
1034 2109 1093 2155 me
1106 2088 1194 2182 quiz

128 2194 210 2265 dem
232 2193 346 2265 fateor
361 2221 502 2294 semper
518 2221 538 2266 a
557 2221 688 2293 genere
709 2197 781 2268 hoc
799 2210 877 2267 toto
892 2195 1068 2266 sermonis
1088 2193 1190 2266 refu·

129 2305 239 2398 gisse,
270 2320 306 2375 et
332 2305 396 2376 tibi
422 2306 581 2402 cupienti
603 2320 713 2402 atque
739 2306 885 2377 instanti
908 2305 1100 2401 sepissime
1124 2329 1189 2376 ne·

131 2436 250 2508 gasse,
273 2428 315 2484 ut
329 2408 405 2486 tu'te
425 2414 546 2512 paullo
560 2430 644 2486 ante
663 2416 792 2487 dixisti.
813 2415 921 2506 Quod
941 2440 1008 2512 ego
1027 2440 1102 2485 non
1128 2440 1190 2486 su·

131 2521 275 2619 perbia‚
289 2549 408 2621 neque
423 2523 682 2596 inhumanitate
697 2524 889 2613 faciebam,
904 2548 1023 2621 neque
1035 2548 1109 2621 quo
1126 2538 1190 2596 tuo

132 2630 252 2702 studio
271 2634 469 2703 rectissimo
486 2649 595 2730 atque
616 2637 756 2733 optimo
776 2661 850 2707 non
870 2634 1022 2730 obsequi
1043 2634 1191 2716 vellem,

131 2743 325 2835 prasertim
349 2767 464 2838 quum
484 2758 520 2813 te
538 2768 653 2814 unum
676 2769 719 2815 ex
741 2743 911 2816 omnibus
933 2743 977 2813 ad
996 2743 1189 2816 dicendum

22 2836 37 2865 '⁶
135 2851 287 2939 maxime
300 2864 442 2938 natum,
455 2868 653 2950 aptumque
668 2879 896 2951 cognossem,
910 2851 973 2923 sed
984 2852 1190 2924 mehercule

133 2960 233 3028 istius
256 2958 505 3058 disputationis
533 2963 738 3049 insolentia,
765 2979 873 3061 atque
899 2985 1020 3032 earum
1048 2986 1188 3047 rernm,

133 3093 212 3165 quae
231 3071 333 3166 quasi
354 3073 391 3141 in
410 3085 485 3142 arte
505 3071 696 3142 traduntur
705 3084 732 3161 ²,
751 3074 895 3143 inscitia.

133 3225 199 3274 tione
212 3242 243 3274 s:
261 3227 373 3275 facillime
386 3227 469 3277 ultime
487 3227 554 3275 litera
572 3228 640 3275 vocis
683 3234 738 3270 mse
752 3233 810 3282 ente,
820 3237 875 3285 que
886 3235 933 3267 nos
943 3220 1023 3265 omnis
1032 3220 1189 3266 consentien-

133 3304 180 3351 νέα
200 3321 213 3352 s
231 3307 352 3369 sequentis
368 3324 468 3355 vocene
480 3310 556 3371 prims
570 3306 639 3354 litere
683 3303 715 3350 tis
724 3301 793 3349 libris
801 3299 906 3364 sntiquis
914 3299 1059 3362 reperimus,
1071 3307 1144 3361 stqne
1152 3315 1189 3345 ss·

133 3382 256 3432 absorberi
266 3386 354 3448 potuit.
364 3387 489 3434 Manutius
499 3385 556 3433 olim
562 3385 639 3434 edidit
682 3380 754 3445 quoti
764 3395 854 3426 snmus.
867 3381 930 3426 Eun.
1107 3428 1110 3432 ⁴
1131 3433 1136 3444 1

134 3454 193 3517 via,
208 3472 232 3508 et
245 3464 280 3509 sic
293 3465 378 3512 Cicero
391 3464 529 3528 sepissime.
543 3462 597 3510 Lib.
612 3463 637 3522 1,
718 3477 743 3509 s.
756 3464 837 3525 Atque
849 3475 934 3507 earum
947 3474 1040 3519 rerum,
1054 3474 1110 3521 qssoe
1119 3456 1191 3520 quasi

135 3553 187 3602 esp.
202 3541 253 3588 25:
268 3544 346 3590 eNon
364 3542 482 3590 rationem
498 3541 596 3590 dicendi
614 3551 638 3587 et
681 3541 706 3588 s'n
718 3550 772 3587 ares
786 3540 923 3587 traduntur.
936 3538 1002 3594 Atti,
1020 3547 1046 3584 ut
1063 3538 1190 3592 Ernestsu.

135 3617 197 3665 vlam
205 3653 212 3675 ‚
220 3620 261 3667 sed
269 3632 377 3669 usturam
387 3621 490 3669 defuisse
499 3643 519 3668 ι.
529 3620 581 3668 Lib.
592 3623 639 3680 111,
682 3619 740 3667 dsnt
755 3639 766 3661 ι
776 3618 903 3666 traduntur
916 3617 941 3664 in
952 3627 1003 3664 arte
1012 3639 1032 3665 ι.
1047 3618 1076 3662 Iu
1088 3626 1142 3662 arte
1157 3616 1190 3660 ri·

135 3712 190 3761 esp.
203 3699 247 3745 ³6:
261 3701 404 3765 ‹Ancipites
413 3702 476 3759 vius,
487 3701 639 3764 rstionesqne
682 3700 744 3746 tioss
755 3697 842 3744 sbsnnt
857 3696 888 3743 sb
899 3695 939 3744 ed.
948 3712 967 3743 s.
981 3697 1000 3744 l.
1016 3707 1071 3742 ets.
1084 3693 1188 3745 Mediol.

136 3774 309 3840 disputandi».
337 3780 416 3828 tacite
435 3779 506 3844 plnrs
529 3779 638 3843 exempla
683 3779 741 3824 Aee.
750 3774 782 3822 sb
791 3774 832 3822 ed.
843 3773 1027 3837 Lips.sbestin.
1037 3771 1189 3819 Eun-Pel.

132 3855 235 3916 proferri
247 3868 357 3918 possunt.
373 3859 463 3906 Psssc.
683 3871 721 3919 pr.
731 3854 892 3914 trodenntrsr,
902 3871 950 3902 sec.
960 3853 1189 3901 tradentser.Vernns

168 3935 253 3981 xxtl.
267 3950 289 3983 s.
300 3938 377 3983 Immo
386 3952 454 3985 nero.
463 3937 509 3985 Ed.
521 3954 539 3983 s.
550 3937 566 3985 l.
579 3947 603 3985 et
616 3952 637 3983 s.
681 3932 749 3980 slteri
758 3933 904 3980 Memmisno
914 3933 980 3980 sbest
997 3933 1022 3979 in
1033 3941 1101 3987 arte,
1116 3940 1189 3978 recte.

132 4012 198 4062 Med.
209 4023 235 4060 et
247 4015 302 4061 Asc.
316 4014 434 4062 essisnvero
445 4033 454 4062 :
465 4016 525 4064 illud
543 4031 634 4062 serum.
679 4011 742 4060 Nem
756 4013 850 4060 tradere
865 4013 923 4060 srtis
936 4012 1035 4059 verbum
1050 4021 1101 4065 sst,
1115 4020 1143 4055 ut
1156 4007 1189 4054 li·

132 4091 189 4137 Post
207 4088 231 4137 in
251 4102 320 4139 textu
338 4110 351 4141 ι
371 4094 470 4142 Pesrcio
491 4094 573 4142 additi
594 4093 633 4152 id,
678 4103 737 4156 quet
746 4108 776 4139 ex
789 4107 842 4156 esp.
861 4092 909 4147 st,
920 4091 981 4138 inlrs
998 4091 1056 4138 item
1071 4087 1136 4135 libro
1149 4087 1189 4143 ll,

112 4206 115 4211 -
131 4169 383 4237 postfaeerejstsor,
393 4183 449 4238 post
456 4173 566 4238 quidem,
577 4183 601 4221 et
610 4183 636 4221 stt
679 4187 733 4235 esp.
746 4187 771 4227 a.
784 4171 864 4218 initio.
875 4171 959 4219 Gsnr.
