2676 4786
293 114 355 182 DE
378 112 611 197 ORATORE,
636 110 770 182 LIBER
795 114 829 191 1,
852 133 902 204 ¹7·
1081 110 1128 195 43

80 232 267 329 ejusmodi,
284 256 360 305 non
386 248 430 305 ut
452 234 562 306 ullam
593 247 707 306 artem
732 231 979 304 doctrinamve
1004 246 1125 304 oonte-
1167 221 1170 229 ’

80 364 233 433 meres,
251 342 315 416 sed
334 357 376 414 ut
392 368 519 415 omnes
543 348 692 415 comites
717 367 758 414 ac
777 344 956 414 ministras
972 344 1126 414 oratoris

78 476 144 527 esse
164 452 316 525 diceres.
342 455 440 545 Quas
462 477 549 552 ego,
574 456 602 524 si
628 454 710 551 quis
731 455 775 526 sit
799 476 895 524 unus
920 451 1128 549 complexus

75 587 212 648 omnes,
229 561 401 659 idemque
417 564 446 635 si
465 561 509 634 ad
527 587 585 636 eas
608 562 812 635 facultatem
824 575 839 606 ²
858 565 960 633 istam
979 564 1129 633 ornatis-

72 674 162 744 simae
179 674 354 744 orationis
375 671 596 768 adjunxerit3
623 698 698 743 non
720 695 867 770 possum
886 672 1021 755 dicere,
1044 692 1128 740 eum

72 808 138 854 non
154 788 338 881 egregium
353 783 545 882 quemdam
559 782 743 855 hominem
759 780 1127 880 atqueadmiraudum

69 891 143 966 fore
162 923 172 966 τ
191 893 254 965 sed
273 896 321 980 is,
340 896 369 965 si
387 896 450 991 qui
461 909 553 966 esset
561 891 589 981 ³,
605 909 666 964 aut
682 895 711 964 si
728 895 832 964 etiam
850 914 1022 988 umquam
1039 887 1127 960 fuis·

68 1018 137 1090 set,
157 1019 222 1075 aut
240 1028 328 1075 vero
344 1007 372 1074 si
395 1029 471 1077 esse
493 1018 633 1103 posset,
656 1019 694 1075 tu
712 1028 807 1075 esses
825 1026 919 1072 unus
943 999 1127 1098 profecto,

67 1113 127 1209 qui
140 1129 178 1184 et
191 1136 276 1184 meo
287 1113 439 1209 judicio,
459 1128 495 1184 et
509 1115 670 1185 omnium
682 1167 691 1199 ,
705 1116 764 1182 vix
781 1113 890 1183 ullam
906 1112 1031 1181 ceteris
1046 1134 1125 1209 ora·

42 1298 45 1302 ,
66 1219 206 1294 toribus
225 1222 333 1321 (pace
346 1223 476 1295 horum
499 1222 674 1318 dixerim)
693 1221 834 1293 laudem
855 1221 1125 1317 reliquisti.Ve-

66 1354 144 1401 rum
159 1336 190 1403 si
206 1332 271 1403 tibi
291 1334 361 1431 ipsi
376 1334 466 1404 nibil
484 1332 600 1421 deest,
623 1332 722 1430 quod
741 1335 778 1402 in
797 1328 1001 1402 forensibus
1018 1327 1127 1399 rebus

64 1439 303 1540 civilibusque
321 1460 497 1529 versetur,
518 1449 607 1542 quin
631 1449 740 1529 scias,
768 1467 888 1540 neque
910 1466 986 1513 eam
1006 1457 1126 1512 tamen

60 1552 291 1641 scientiamf,
316 1580 425 1652 quam
460 1557 625 1652 adjungis
656 1557 810 1641 oratori,‘
831 1553 1041 1652 complexus
1070 1574 1131 1635 es,

62 1660 247 1735 rideamus
256 1655 284 1753 ⁵,
295 1689 341 1737 ne
351 1666 433 1762 plus
445 1668 477 1737 ei
492 1665 649 1753 tribuas,
664 1690 772 1763 quam
791 1688 847 1736 res
861 1679 897 1736 et
910 1668 1039 1735 veritas
1053 1664 1127 1759 ipsu

60 1773 249 1846 concedat.
484 1864 488 1872 Ι

109 1885 232 1955 —llic
246 1886 413 1973 Crassus,
430 1891 635 1973 Memento,
657 1890 795 1984 iuquit,
812 1910 955 1957 menon
969 1883 1014 1955 (le
1029 1906 1125 1968 mea,

62 1990 125 2063 sed
142 1982 189 2064 de
207 1998 359 2066 oratoris
383 1994 550 2068 facultate
575 1997 716 2068 dixisse.
738 1997 834 2089 Quid
856 1999 952 2068 enim
978 2019 1044 2063 uos
1062 2006 1123 2062 aut

63 2100 271 2192 didicimus,
289 2120 352 2177 aut
365 2108 456 2178 scire
470 2110 672 2205 potuimus,
691 2109 755 2205 qui
771 2122 854 2178 ante
867 2106 910 2177 ad
926 2103 1123 2201 agendum,
1174 2118 1182 2127 ·

66 2236 170 2309 quam
188 2213 234 2285 ad
250 2215 546 2314 cognoscendum
560 2220 745 2305 venimus3
761 2241 855 2314 quos
866 2218 902 2286 in
914 2214 1015 2298 foro,
1030 2234 1123 2307 quos

66 2322 100 2393 iu
118 2323 337 2412 ambitione,
357 2351 451 2423 quos
475 2330 510 2398 in
532 2327 734 2426 republica,
753 2351 846 2424 quos
865 2330 902 2396 in
924 2325 1123 2395 amicorum

66 2435 233 2529 negotiis,
254 2460 310 2506 res
326 2438 403 2534 ipsa
421 2453 505 2508 ante
526 2436 716 2526 confecit⁶,
733 2460 839 2533 quum
855 2457 1041 2532 possemus
1057 2430 1119 2500 ali·

66 2542 147 2638 quid
168 2543 215 2615 de
233 2545 343 2618 rebus
363 2551 472 2618 tantis
497 2548 694 2644 suspicari?
719 2546 826 2637 Quod
848 2548 876 2617 si
896 2543 959 2615 tibi
980 2556 1121 2612 tantum

94 2745 475 2811 a.Adearfacu1tatemiatam
492 2764 584 2797 orno-·
611 2751 673 2798 Nam
685 2760 710 2797 ct
723 2749 864 2813 aliaeprioc.
879 2748 917 2795 ed.
928 2765 947 2795 a.
959 2748 1006 2795 l.et
1018 2764 1039 2793 n.
1050 2744 1119 2794 Med.

62 2822 156 2872 tr'ssr'moe
173 2826 301 2874 orationis.
312 2829 459 2876 Facultatum
477 2838 541 2875 recte
554 2845 567 2876 c
611 2828 655 2875 sed
667 2829 747 2892 siqui.
759 2831 851 2877 Etnou
861 2827 946 2885 video,
962 2844 1035 2891 quare
1047 2827 1067 2873 is
1080 2827 1121 2875 dc·

60 2902 216 2952 atsttetedd.
225 2905 319 2953 Manut.
329 2908 433 2954 restituit
443 2905 566 2956 Petreius:
613 2907 658 2955 leri
668 2923 718 2955 non
729 2909 813 2970 possit.
825 2908 890 2954 Ena.

59 2980 133 3045 idque
147 2981 222 3030 habet
236 2993 261 3031 ct
272 2983 314 3030 W.
323 2984 402 3032 Miror
416 3001 468 3033 uon
479 2985 567 3033 vidisse
647 2994 670 3041 4.
686 2985 749 3032 Eam
768 2996 849 3031 tamen
868 2982 1002 3031 scientiam.
1022 2981 1121 3030 Scilicet

58 3058 152 3107 dudum
167 3060 293 3121 homines,
314 3079 365 3111 erac
378 3064 463 3111 viuum
479 3080 565 3128 opera·
611 3064 756 3113 universam.

58 3154 110 3186 tum
126 3140 152 3187 iu
167 3139 223 3188 edd.
238 3142 285 3188 Pro
298 3141 459 3190 ornatissima
474 3141 566 3189 oratio·
647 3144 671 3191 ⁵.
686 3143 834 3199 Videamus,
849 3158 880 3188 nc
890 3141 948 3203 plus
967 3140 991 3188 ei
1009 3139 1119 3199 tribuas,

57 3216 96 3265 nis
108 3217 240 3266 Lambinus
251 3218 348 3267 volebat
358 3221 500 3269 omandoe:
515 3237 568 3286 ape-
611 3238 685 3286 quam
702 3238 741 3270 rer
759 3233 783 3270 et
796 3219 903 3278 ueritus,
923 3232 970 3270 etc.
994 3222 1120 3281 Fortasse,

59 3296 126 3343 ciose
140 3311 148 3345 :
160 3296 203 3343 sed
208 3295 324 3359 facultas
332 3310 427 3346 ornata
437 3316 473 3346 or.
485 3299 566 3348 aiodi-
611 3302 687 3349 «vide
705 3317 736 3349 nc
752 3301 808 3365 plus
824 3301 847 3348 ei
867 3300 971 3360 tribuas,
992 3314 1064 3364 quam
1081 3317 1121 3348 rea

56 3374 129 3433 citur,
135 3384 161 3421 ut
171 3375 272 3424 facultas
279 3393 443 3435 nummorum,
449 3379 567 3442 pecunias,
611 3392 635 3428 ct
648 3380 737 3427 veritas
748 3414 755 3438 ,
768 3391 814 3427 etc.
826 3401 839 3420 u
850 3381 906 3427 Seu.

55 3463 104 3501 etc.
120 3451 175 3500 t'id.
189 3453 229 3503 cl.
240 3456 305 3503 Ean.
647 3459 673 3506 6.
693 3459 739 3505 lies
753 3457 808 3521 ipsa
826 3470 885 3504 ante
902 3455 1024 3521 conserit,
1044 3474 1122 3521 quom

92 3533 116 3578 3.
138 3531 188 3578 sed
204 3531 245 3592 is,
269 3533 292 3580 sr'
313 3534 357 3597 qui
379 3546 456 3593 estet,
480 3546 525 3583 aut
548 3535 569 3583 si
606 3552 739 3601 possemus.
751 3536 894 3585 Videtursic
905 3536 963 3594 dici,
972 3549 998 3584 ut
1010 3552 1118 3601 capas,

55 3608 128 3657 edm
149 3624 267 3675 nmquam
280 3610 377 3676 fuisset.
397 3614 437 3661 Sic
458 3613 568 3663 dedimus
611 3616 756 3664 «obruimur
773 3616 826 3662 foro
844 3627 868 3662 et
886 3615 1030 3676 ambitione,
1052 3628 1120 3665 antc-

55 3686 193 3753 ramelgiis
201 3690 242 3739 ed.
251 3693 292 3738 W.
305 3707 360 3755 quo
379 3692 452 3741 habet
475 3693 510 3751 is,
526 3694 570 3758 qui
610 3693 726 3759 quemad
738 3692 879 3742 discendum
894 3694 992 3758 ingrcssi
1006 3712 1122 3743 summu.

55 3780 133 3815 esset:
148 3770 199 3817 aine
212 3769 290 3818 dubio
303 3787 348 3834 pro
359 3771 435 3835 siqui
446 3773 565 3828 esset,id·
611 3771 721 3837 conferit
738 3784 789 3829 cst,
806 3773 939 3821 debilitavit
960 3775 989 3821 ad
1011 3774 1122 3823 discendi

54 3862 102 3911 que
113 3847 245 3911 elegantius
254 3860 305 3909 eat,
318 3867 390 3913 quam
400 3852 423 3899 si
435 3852 488 3915 quis
498 3863 566 3902 esset.
611 3852 726 3900 laborem.
739 3854 803 3900 Ean.
