2676 4786
364 360 425 427 ur.
449 359 682 444 ourroun,
706 360 840 428 urum
864 363 897 444 1,
925 358 976 432 15.
1141 361 1188 459 39
1281 380 1289 394 ·

139 482 321 580 receperit,
343 481 391 550 ita
404 478 673 577 pronuntiabit,
690 495 733 552 ut
743 482 811 580 ipsi
828 485 868 554 C.
884 483 998 553 Mario
1014 507 1115 581 pene
1126 483 1187 555 hic

137 590 270 677 melius,
298 612 408 687 quarn
435 588 530 686 ipse,
553 588 612 660 illa
633 590 743 661 scire⁴
765 589 939 663 rideatur.
962 582 1023 663 Sin
1042 591 1087 663 de
1103 593 1185 687 jo're
1218 674 1220 679 ,

136 701 238 787 cirili;
257 715 377 772 tecum
387 699 686 788 communicabit,
705 715 816 797 teque
829 700 1014 773 hominem
1026 701 1183 800 pruden·
1244 792 1248 799 ,

134 812 305 883 tissimum
328 825 365 882 et
388 811 645 907 peritissimum
662 813 702 879 in
716 810 758 881 iis
771 811 857 908 ipsis
870 809 1000 897 rebus,
1018 836 1107 909 quas
1121 809 1185 907 abs

132 937 164 995 tc
180 920 368 1007 didicerit,
384 920 525 992 dicendi
544 934 619 992 arte
638 920 830 1017 superabit.
853 925 915 993 Sin
932 920 1035 1018 quae⁵
1054 946 1112 993 res
1130 923 1185 991 itr-

132 1032 274 1121 ciderit,
292 1034 331 1102 in
349 1056 423 1129 qua
438 1031 484 1103 de
499 1045 641 1117 natura,
659 1030 704 1103 de
721 1031 813 1103 vitiis
832 1031 1039 1118 hominum,
1062 1028 1107 1102 de
1126 1050 1187 1101 cu·

132 1140 354 1238 piditatibus,
372 1140 417 1212 de
441 1140 567 1227 modo,
588 1140 634 1211 de
653 1144 891 1229 continentia,
912 1140 958 1212 de
981 1138 1121 1229 dolore,
1140 1140 1187 1211 de

131 1267 244 1323 morte
259 1251 453 1323 dicendum
466 1253 528 1338 sit;
548 1248 712 1338 forsitan,
733 1253 762 1322 si
777 1253 810 1322 ei
828 1254 873 1321 sit
890 1254 1002 1322 visum
1018 1253 1099 1345 (etsi
1111 1251 1187 1322 bne
1248 1240 1251 1245 ¹

130 1360 275 1458 quidem
304 1384 409 1432 nosse
435 1360 544 1433 debet
569 1362 727 1455 orator),
756 1387 837 1432 cum
867 1358 971 1433 Sex.⁶
995 1363 1186 1461 Pompeio,

123 1460 270 1541 ¹erudito
288 1469 436 1542 homine
455 1474 492 1541 in
511 1470 758 1569 philosophia,
770 1473 1066 1541 communicatur
1084 1494 1091 1538 :
1116 1471 1186 1541 boc

131 1578 292 1677 profecto
325 1579 476 1665 efficiet,
503 1595 560 1665 ut,
589 1602 857 1677 quamcumque
883 1603 960 1649 rem
988 1604 1009 1650 a
1037 1603 1186 1676 quoque

131 1686 386 1787 cognorit⁸,de
402 1715 442 1762 ea
458 1691 573 1761 multo
589 1690 685 1760 dicat
694 1693 872 1776 ornatius,
888 1714 996 1786 quam
1017 1691 1075 1762 ille
1093 1694 1188 1788 ipsc,

133 1798 226 1869 unde
243 1802 418 1896 cognorit.
438 1799 506 1870 Sed
525 1801 555 1870 si
576 1823 633 1869 me
650 1802 821 1887 audierit,
840 1801 1010 1897 quoniam
1032 1799 1188 1897 philoso-

132 1907 213 2005 phia
234 1910 274 1979 in
297 1923 369 1979 tres
389 1923 506 2006 partes
519 1924 573 1981 est
590 1908 758 1997 tributa9,
780 1913 816 1979 in
836 1925 971 1981 naturae
989 1908 1185 1983 obscurita-

132 2132 316 2199 rieimperitum
325 2151 350 2183 ee
359 2135 430 2191 ‹licit3
442 2148 465 2184 et
475 2142 491 2185 ι’
500 2138 634 2186 Plutarcho
678 2136 836 2198 hujusmodi:
855 2161 867 2180 ι
879 2138 916 2186 rin
931 2154 986 2202 quae
1004 2153 1041 2185 ree
1061 2136 1186 2194 inciderit,

132 2212 322 2275 reprehenditur,
345 2215 415 2277 qnod
436 2215 519 2269 Utens
547 2231 635 2280 grecae
679 2216 704 2263 in
723 2234 769 2280 qua
793 2216 824 2265 de
846 2228 947 2275 nature,
969 2216 999 2264 de
1022 2216 1086 2265 vitiis
1105 2214 1186 2264 bomi-

132 2294 307 2357 contempserit.
325 2296 392 2357 Ques
408 2310 434 2342 se
449 2295 507 2343 ideo
520 2295 588 2360 parri
603 2296 635 2341 le·
679 2310 749 2351 num,
760 2296 790 2343 de
804 2295 992 2360 cupiditatibus,
1010 2296 1040 2345 de
1054 2294 1141 2353 modo,
1155 2294 1187 2343 de

132 2369 186 2418 cirre
196 2372 222 2419 in
238 2371 321 2420 eedem
332 2374 442 2423 ontione
452 2385 564 2431 testatur,
578 2374 633 2436 quia
678 2376 844 2434 continentia,
858 2375 888 2424 de
903 2375 1002 2431 dolore,
1015 2374 1046 2422 de
1059 2384 1137 2422 morte
1148 2373 1187 2420 ‹li-

132 2448 159 2495 rd
168 2450 282 2498 virtutem
296 2446 380 2516 parurn
396 2454 515 2518 profuisse
528 2453 632 2501 oratori·
679 2452 782 2501 cendum
794 2455 839 2512 sit;
858 2467 882 2501 et
894 2455 1006 2515 forsitan,
1026 2455 1047 2501 ri
1061 2455 1084 2502 ei
1102 2454 1134 2501 eit
1145 2452 1183 2499 vi·

131 2524 244 2576 meite
255 2541 321 2580 eunt.
677 2547 729 2578 sum
747 2531 802 2592 (etsi
821 2534 873 2580 haec
896 2533 994 2596 quidem
1018 2549 1091 2580 unsre
1114 2531 1185 2579 debet

163 2616 185 2662 4.
197 2609 351 2672 eramrpre,
365 2608 488 2658 illascire.
506 2609 554 2657 Illa
569 2621 633 2656 recte
677 2614 792 2673 orator),
815 2628 870 2658 cum
889 2611 962 2658 Sexto
982 2612 1113 2674 Pompeio,
1130 2626 1186 2657 eru·

131 2698 172 2747 pro
182 2684 225 2734 «¹110
237 2686 308 2735 dedit
319 2689 436 2736 l‘earcim.
446 2689 486 2735 Sic
497 2700 522 2736 et
535 2690 580 2737 lllS
592 2690 619 2735 E„
678 2689 731 2736 dito
741 2690 839 2737 bomine
851 2692 877 2737 iu
889 2689 1062 2754 philosophia,
1076 2704 1186 2736 commu·

164 2765 187 2812 5.
201 2764 244 2813 sin
260 2782 315 2829 qua
332 2783 378 2815 res.
394 2768 455 2829 Quoe
468 2767 578 2814 dedimus
587 2781 633 2830 pro
677 2769 785 2818 nicarit:
807 2768 855 2815 boc
879 2770 989 2832 prolecto
1014 2766 1120 2826 efficiet,
1142 2777 1183 2823 ut,

130 2857 191 2904 qim,
215 2844 284 2907 quod
299 2861 353 2892 sero
374 2845 499 2893 inductum
521 2858 557 2894 est
576 2855 633 2909 post
677 2862 853 2910 quemcumque
874 2863 923 2894 rem
944 2864 958 2895 e
978 2863 1075 2911 quoque
1093 2861 1184 2908 cogno·

129 2921 217 2969 Aldum
231 2934 255 2970 et
272 2925 380 2972 Juntem.
397 2928 454 2973 Aac.
469 2924 519 2973 Erl.
537 2941 550 2972 ι
563 2940 595 2972 m.
609 2940 630 2971 e.
678 2926 720 2982 rit,
736 2925 766 2972 de
774 2943 801 2973 ea
812 2926 888 2973 multo
901 2925 965 2973 dieat
975 2926 1098 2981 ornatius,
1111 2941 1185 2988 qnam

128 3000 222 3064 aliqua.
235 3004 301 3049 Eur.
678 3004 718 3051 ille
737 3005 801 3068 ipse,
819 3005 884 3052 undo
905 3004 1016 3068 cognorit
1028 3026 1048 3051 ι.
1066 3006 1130 3052 llere.
1147 3031 1181 3042 —

162 3080 249 3129 nter.
258 3079 380 3144 Pompeio.
388 3080 539 3145 Pbilosoplro
546 3081 633 3138 stoico,
679 3085 819 3132 Goerenzius
832 3085 859 3131 in
870 3083 925 3131 cod.
937 3084 981 3129 MS
998 3082 1090 3129 invenit
1101 3103 1106 3128 :
1117 3084 1184 3130 «boo

127 3160 504 3223 geomern,juriscomnlio;rid.
514 3162 581 3208 Brut·
591 3170 633 3219 673
678 3165 788 3228 prolecto
805 3161 910 3221 elliciet,
927 3173 956 3208 ot
972 3177 1117 3225 quamquem
1134 3178 1184 3208 rem

127 3238 209 3297 Offil,
224 3238 248 3286 6.
677 3259 690 3289 e
711 3259 808 3305 quoque
826 3239 995 3303 cognoverit».
1010 3240 1088 3300 Quam
1104 3250 1184 3286 tamen

163 3332 188 3375 7.
209 3317 419 3366 Communiearir:
440 3317 486 3364 boc
501 3314 569 3380 pros.
588 3313 633 3379 off·
677 3319 805 3367 lectionem
835 3334 878 3365 cur
904 3316 1005 3379 vulgatae
1031 3317 1186 3379 praeleramne

129 3397 222 3444 Vitiosa
236 3408 272 3443 eat
284 3398 336 3445 haec
346 3397 496 3461 vulgatorum
510 3406 534 3442 et
545 3395 634 3453 lectio,
680 3398 772 3446 nescio.
782 3397 838 3444 Scir.

127 3485 152 3522 et
161 3473 568 3539 interpunctio‚·communieebit.
579 3475 634 3521 lloc
714 3478 739 3525 8.
754 3480 778 3523 A
788 3491 885 3539 quoque
902 3473 1019 3538 cognorit.
1041 3471 1104 3521 Edd.
1117 3485 1183 3521 rete·

128 3570 165 3620 pr.
182 3556 249 3615 esa,
264 3572 313 3618 que
326 3570 476 3618 consequens
492 3554 523 3600 ob
539 3564 635 3600 antece·
679 3574 716 3604 res
733 3570 852 3603 consensu
871 3553 960 3600 babent
982 3569 1094 3616 quoquo,
1117 3552 1185 3617 quod

129 3634 200 3681 dente
219 3632 349 3683 dirimitur.
364 3634 401 3681 Ed
420 3650 439 3682 e.
458 3633 475 3681 l.
489 3643 513 3681 et
530 3650 551 3681 a.
569 3632 634 3696 Lips.
678 3635 768 3683 serrari
785 3644 893 3697 poterat,
911 3642 939 3679 ut
954 3628 1090 3696 cognoverit
1102 3631 1185 3679 eedem

128 3713 199 3761 babet
212 3712 411 3769 communicarit,
425 3723 454 3760 ut
470 3714 515 3760 MS
528 3711 577 3760 Erl.
590 3710 635 3758 Ed.
680 3716 709 3762 de
720 3730 803 3770 causa,
816 3711 883 3775 quod
897 3721 975 3758 tamen
986 3710 1047 3757 nibil
1056 3710 1127 3759 refert
1140 3728 1145 3754 z
1162 3720 1186 3758 et

128 3802 206 3841 eutem
221 3795 287 3859 Lips.
299 3804 358 3857 post
370 3792 554 3840 communicarit
565 3790 637 3838 babet
680 3791 762 3857 paullo
774 3802 829 3854 post
838 3804 921 3836 omnes
930 3788 1047 3852 cognorit.
1058 3789 1081 3835 A
1091 3805 1187 3853 quoque

128 3872 202 3921 morlo
212 3872 294 3921 colon.
308 3873 445 3934 Utrumque
455 3885 512 3935 ergo
522 3882 637 3934 oequutus
680 3871 786 3933 intellige
799 3884 813 3915 a
825 3868 940 3931 Pompeio
953 3866 992 3913 rel
1002 3866 1059 3914 alio.
1072 3868 1137 3914 Errr.

129 3949 582 4013 snm.8edconjieio,etiamcopulem
592 3966 634 3997 ex·
716 3965 742 4012 9.
766 3951 797 3995 ln
817 3959 865 3994 tres
880 3956 963 4009 partes
980 3955 1015 3991 ert
1032 3944 1127 3994 tributa.
1148 3946 1190 3992 Sic

129 4031 214 4079 ddisse
228 4042 285 4081 ante
295 4028 420 4097 forsitan,
434 4028 636 4093 quemadmodum
681 4028 726 4076 MS
739 4026 788 4075 Erl.
802 4025 868 4089 qnod
886 4022 985 4087 vulgato
1001 4023 1190 4085 distributajure

130 4110 201 4159 estin
216 4110 297 4177 primo
310 4108 433 4173 exemplo.
451 4110 485 4155 lta
503 4118 580 4156 totum
592 4109 637 4155 erit
681 4101 925 4171 pratulivldclar.
938 4103 1004 4167 Eup.
1050 4144 1053 4149 ,
