<?xml version="1.0" encoding="UTF-8"?>
<!DOCTYPE html PUBLIC "-//W3C//DTD XHTML 1.0 Transitional//EN"
    "http://www.w3.org/TR/xhtml1/DTD/xhtml1-transitional.dtd">
<html xmlns="http://www.w3.org/1999/xhtml" xml:lang="en" lang="en">
 <head>
  <title>
</title>
<meta http-equiv="Content-Type" content="text/html;charset=utf-8" />
  <meta name='ocr-system' content='tesseract 3.04.00' />
  <meta name='ocr-capabilities' content='ocr_page ocr_carea ocr_par ocr_line ocrx_word'/>
</head>
<body>
  <div class='ocr_page' id='page_1' title='image "bibliothecaclas30lemagoog_0044.png"; bbox 0 0 2676 4786; ppageno 0'>
   <div class='ocr_carea' id='block_1_1' title="bbox 279 320 1195 456">
    <p class='ocr_par' dir='ltr' id='par_1_1' title="bbox 279 320 1195 456">
     <span class='ocr_line' id='line_1_1' title="bbox 279 320 1195 456; baseline 0.008 -15"><span class='ocrx_word' id='word_1_1' title='bbox 279 373 343 442; x_wconf 85' lang='lat' dir='ltr'><strong>nn</strong></span> <span class='ocrx_word' id='word_1_2' title='bbox 367 370 596 453; x_wconf 73' lang='lat' dir='ltr'><strong>oratore,</strong></span> <span class='ocrx_word' id='word_1_3' title='bbox 625 370 757 438; x_wconf 77' lang='lat' dir='ltr'><strong>niune</strong></span> <span class='ocrx_word' id='word_1_4' title='bbox 781 373 817 456; x_wconf 75' lang='grc' dir='ltr'><strong>ι,-</strong></span> <span class='ocrx_word' id='word_1_5' title='bbox 841 394 894 439; x_wconf 88' lang='lat'><strong>11.</strong></span> <span class='ocrx_word' id='word_1_6' title='bbox 1065 376 1108 448; x_wconf 84' lang='lat'><strong>31</strong></span> <span class='ocrx_word' id='word_1_7' title='bbox 1146 430 1151 439; x_wconf 94' lang='lat'>.</span> <span class='ocrx_word' id='word_1_8' title='bbox 1192 320 1195 331; x_wconf 51' lang='grc'><strong>’</strong></span> 
     </span>
    </p>
   </div>
   <div class='ocr_carea' id='block_1_2' title="bbox 53 488 1118 2229">
    <p class='ocr_par' dir='ltr' id='par_1_2' title="bbox 53 488 1115 1028">
     <span class='ocr_line' id='line_1_2' title="bbox 55 488 1112 593; baseline -0.001 -24"><span class='ocrx_word' id='word_1_9' title='bbox 55 495 154 569; x_wconf 83' lang='lat' dir='ltr'><strong>libro</strong></span> <span class='ocrx_word' id='word_1_10' title='bbox 180 497 216 564; x_wconf 87' lang='lat' dir='ltr'><strong>iu</strong></span> <span class='ocrx_word' id='word_1_11' title='bbox 249 493 343 563; x_wconf 80' lang='lat' dir='ltr'><strong>boc⁹</strong></span> <span class='ocrx_word' id='word_1_12' title='bbox 374 492 528 561; x_wconf 85' lang='lat' dir='ltr'>maxime</span> <span class='ocrx_word' id='word_1_13' title='bbox 548 488 751 561; x_wconf 84' lang='lat' dir='ltr'><strong>admirabar</strong></span> <span class='ocrx_word' id='word_1_14' title='bbox 773 489 976 581; x_wconf 82' lang='lat' dir='ltr'><strong>Platonem,</strong></span> <span class='ocrx_word' id='word_1_15' title='bbox 1011 498 1112 593; x_wconf 90' lang='lat' dir='ltr'><strong>qnod</strong></span> 
     </span>
     <span class='ocr_line' id='line_1_3' title="bbox 54 598 1114 696; baseline -0.002 -19"><span class='ocrx_word' id='word_1_16' title='bbox 54 605 148 677; x_wconf 87' lang='lat' dir='ltr'><strong>mibi</strong></span> <span class='ocrx_word' id='word_1_17' title='bbox 163 607 201 674; x_wconf 91' lang='lat' dir='ltr'><strong>in</strong></span> <span class='ocrx_word' id='word_1_18' title='bbox 222 598 466 675; x_wconf 80' lang='lat' dir='ltr'><strong>oratoribus¹⁰</strong></span> <span class='ocrx_word' id='word_1_19' title='bbox 485 598 677 671; x_wconf 82' lang='lat' dir='ltr'>irridendis</span> <span class='ocrx_word' id='word_1_20' title='bbox 693 600 771 696; x_wconf 86' lang='lat' dir='ltr'><strong>ipse</strong></span> <span class='ocrx_word' id='word_1_21' title='bbox 789 625 865 672; x_wconf 85' lang='lat' dir='ltr'><strong>esse</strong></span> <span class='ocrx_word' id='word_1_22' title='bbox 878 618 1001 674; x_wconf 91' lang='lat' dir='ltr'><strong>orator</strong></span> <span class='ocrx_word' id='word_1_23' title='bbox 1018 628 1114 675; x_wconf 88' lang='lat' dir='ltr'><strong>snm·</strong></span> 
     </span>
     <span class='ocr_line' id='line_1_4' title="bbox 56 708 1112 807; baseline -0.001 -21"><span class='ocrx_word' id='word_1_24' title='bbox 56 739 143 787; x_wconf 86' lang='lat' dir='ltr'><strong>mus</strong></span> <span class='ocrx_word' id='word_1_25' title='bbox 172 710 370 784; x_wconf 84' lang='lat' dir='ltr'><strong>videbatur.</strong></span> <span class='ocrx_word' id='word_1_26' title='bbox 386 708 496 781; x_wconf 84' lang='lat' dir='ltr'><strong>Verbi</strong></span> <span class='ocrx_word' id='word_1_27' title='bbox 521 710 618 780; x_wconf 87' lang='lat' dir='ltr'><strong>euim</strong></span> <span class='ocrx_word' id='word_1_28' title='bbox 647 711 924 781; x_wconf 85' lang='lat' dir='ltr'><strong>controversia¹¹</strong></span> <span class='ocrx_word' id='word_1_29' title='bbox 951 713 1112 807; x_wconf 81' lang='lat' dir='ltr'><strong>jamdiu</strong></span> 
     </span>
     <span class='ocr_line' id='line_1_5' title="bbox 53 818 1115 919; baseline 0.002 -27"><span class='ocrx_word' id='word_1_30' title='bbox 53 836 207 918; x_wconf 80' lang='lat' dir='ltr'><strong>torquet</strong></span> <span class='ocrx_word' id='word_1_31' title='bbox 231 819 414 891; x_wconf 88' lang='lat' dir='ltr'><strong>Graecnlos</strong></span> <span class='ocrx_word' id='word_1_32' title='bbox 440 818 622 909; x_wconf 84' lang='lat' dir='ltr'><strong>homines,</strong></span> <span class='ocrx_word' id='word_1_33' title='bbox 639 819 881 890; x_wconf 84' lang='lat' dir='ltr'><strong>contentionis</strong></span> <span class='ocrx_word' id='word_1_34' title='bbox 896 822 1115 919; x_wconf 84' lang='lat' dir='ltr'><strong>cupidiores,</strong></span> 
     </span>
     <span class='ocr_line' id='line_1_6' title="bbox 54 931 357 1028; baseline -0.013 -25"><span class='ocrx_word' id='word_1_35' title='bbox 54 955 168 1028; x_wconf 81' lang='lat' dir='ltr'><strong>quam</strong></span> <span class='ocrx_word' id='word_1_36' title='bbox 189 931 357 1003; x_wconf 82' lang='lat' dir='ltr'><strong>veritatis.</strong></span> 
     </span>
    </p>

    <p class='ocr_par' dir='ltr' id='par_1_3' title="bbox 53 1035 1118 2229">
     <span class='ocr_line' id='line_1_7' title="bbox 106 1035 1114 1136; baseline 0 -24"><span class='ocrx_word' id='word_1_37' title='bbox 106 1044 194 1113; x_wconf 85' lang='lat' dir='ltr'><strong>Nam</strong></span> <span class='ocrx_word' id='word_1_38' title='bbox 220 1042 248 1108; x_wconf 92' lang='lat' dir='ltr'><strong>si</strong></span> <span class='ocrx_word' id='word_1_39' title='bbox 273 1039 354 1135; x_wconf 84' lang='lat' dir='ltr'><strong>quis</strong></span> <span class='ocrx_word' id='word_1_40' title='bbox 374 1035 471 1107; x_wconf 90' lang='lat' dir='ltr'><strong>hunc</strong></span> <span class='ocrx_word' id='word_1_41' title='bbox 490 1039 613 1107; x_wconf 85' lang='lat' dir='ltr'><strong>statuit</strong></span> <span class='ocrx_word' id='word_1_42' title='bbox 632 1059 709 1108; x_wconf 87' lang='lat' dir='ltr'><strong>esse</strong></span> <span class='ocrx_word' id='word_1_43' title='bbox 728 1050 927 1126; x_wconf 85' lang='lat' dir='ltr'><strong>oratorem,</strong></span> <span class='ocrx_word' id='word_1_44' title='bbox 954 1042 1018 1136; x_wconf 93' lang='lat' dir='ltr'><strong>qui</strong></span> <span class='ocrx_word' id='word_1_45' title='bbox 1036 1056 1114 1113; x_wconf 89' lang='lat' dir='ltr'><strong>tan·</strong></span> 
     </span>
     <span class='ocr_line' id='line_1_8' title="bbox 56 1142 1115 1249; baseline 0.004 -32"><span class='ocrx_word' id='word_1_46' title='bbox 56 1147 250 1219; x_wconf 88' lang='lat' dir='ltr'><strong>tummodo</strong></span> <span class='ocrx_word' id='word_1_47' title='bbox 268 1149 307 1216; x_wconf 90' lang='lat' dir='ltr'><strong>in</strong></span> <span class='ocrx_word' id='word_1_48' title='bbox 321 1149 419 1241; x_wconf 87' lang='lat' dir='ltr'><strong>jure,</strong></span> <span class='ocrx_word' id='word_1_49' title='bbox 436 1160 498 1216; x_wconf 89' lang='lat' dir='ltr'><strong>aut</strong></span> <span class='ocrx_word' id='word_1_50' title='bbox 517 1147 554 1216; x_wconf 91' lang='lat' dir='ltr'><strong>in</strong></span> <span class='ocrx_word' id='word_1_51' title='bbox 565 1142 707 1238; x_wconf 85' lang='lat' dir='ltr'><strong>judiciis</strong></span> <span class='ocrx_word' id='word_1_52' title='bbox 723 1148 852 1243; x_wconf 85' lang='lat' dir='ltr'><strong>possit,</strong></span> <span class='ocrx_word' id='word_1_53' title='bbox 867 1163 930 1219; x_wconf 88' lang='lat' dir='ltr'><strong>aut</strong></span> <span class='ocrx_word' id='word_1_54' title='bbox 940 1149 1037 1246; x_wconf 90' lang='lat' dir='ltr'><strong>apud</strong></span> <span class='ocrx_word' id='word_1_55' title='bbox 1050 1176 1115 1249; x_wconf 91' lang='lat' dir='ltr'><strong>po-</strong></span> 
     </span>
     <span class='ocr_line' id='line_1_9' title="bbox 55 1254 1115 1357; baseline 0.006 -30"><span class='ocrx_word' id='word_1_56' title='bbox 55 1257 207 1354; x_wconf 88' lang='lat' dir='ltr'><strong>pulum,</strong></span> <span class='ocrx_word' id='word_1_57' title='bbox 228 1271 292 1328; x_wconf 89' lang='lat' dir='ltr'><strong>aut</strong></span> <span class='ocrx_word' id='word_1_58' title='bbox 306 1257 345 1325; x_wconf 90' lang='lat' dir='ltr'><strong>in</strong></span> <span class='ocrx_word' id='word_1_59' title='bbox 358 1269 484 1326; x_wconf 86' lang='lat' dir='ltr'><strong>senatu</strong></span> <span class='ocrx_word' id='word_1_60' title='bbox 505 1257 650 1352; x_wconf 84' lang='lat' dir='ltr'><strong>copiose</strong></span> <span class='ocrx_word' id='word_1_61' title='bbox 671 1254 790 1352; x_wconf 87' lang='lat' dir='ltr'><strong>loqui,</strong></span> <span class='ocrx_word' id='word_1_62' title='bbox 808 1270 927 1328; x_wconf 89' lang='lat' dir='ltr'><strong>tamen</strong></span> <span class='ocrx_word' id='word_1_63' title='bbox 943 1257 1027 1331; x_wconf 89' lang='lat' dir='ltr'><strong>hnic</strong></span> <span class='ocrx_word' id='word_1_64' title='bbox 1046 1262 1115 1357; x_wconf 76' lang='lat' dir='ltr'><strong>ipsi</strong></span> 
     </span>
     <span class='ocr_line' id='line_1_10' title="bbox 55 1363 1112 1464; baseline 0.001 -25"><span class='ocrx_word' id='word_1_65' title='bbox 55 1366 172 1439; x_wconf 86' lang='lat' dir='ltr'><strong>muita</strong></span> <span class='ocrx_word' id='word_1_66' title='bbox 195 1365 334 1437; x_wconf 88' lang='lat' dir='ltr'><strong>tribuat</strong></span> <span class='ocrx_word' id='word_1_67' title='bbox 354 1379 391 1437; x_wconf 87' lang='lat' dir='ltr'><strong>et</strong></span> <span class='ocrx_word' id='word_1_68' title='bbox 408 1363 584 1435; x_wconf 87' lang='lat' dir='ltr'><strong>concedat</strong></span> <span class='ocrx_word' id='word_1_69' title='bbox 605 1387 750 1435; x_wconf 84' lang='lat' dir='ltr'><strong>necesse</strong></span> <span class='ocrx_word' id='word_1_70' title='bbox 772 1379 837 1436; x_wconf 90' lang='lat' dir='ltr'><strong>est.</strong></span> <span class='ocrx_word' id='word_1_71' title='bbox 861 1369 987 1464; x_wconf 87' lang='lat' dir='ltr'><strong>Neque</strong></span> <span class='ocrx_word' id='word_1_72' title='bbox 1016 1371 1112 1441; x_wconf 89' lang='lat' dir='ltr'><strong>enim</strong></span> 
     </span>
     <span class='ocr_line' id='line_1_11' title="bbox 54 1475 1117 1574; baseline 0.002 -26"><span class='ocrx_word' id='word_1_73' title='bbox 54 1479 136 1548; x_wconf 85' lang='lat' dir='ltr'><strong>sine</strong></span> <span class='ocrx_word' id='word_1_74' title='bbox 162 1477 276 1548; x_wconf 89' lang='lat' dir='ltr'><strong>multa</strong></span> <span class='ocrx_word' id='word_1_75' title='bbox 305 1478 579 1573; x_wconf 79' lang='lat' dir='ltr'><strong>pertractatione</strong></span> <span class='ocrx_word' id='word_1_76' title='bbox 608 1475 769 1545; x_wconf 89' lang='lat' dir='ltr'><strong>omnium</strong></span> <span class='ocrx_word' id='word_1_77' title='bbox 803 1500 925 1546; x_wconf 87' lang='lat' dir='ltr'><strong>rernm</strong></span> <span class='ocrx_word' id='word_1_78' title='bbox 959 1478 1117 1574; x_wconf 85' lang='lat' dir='ltr'><strong>publica-</strong></span> 
     </span>
     <span class='ocr_line' id='line_1_12' title="bbox 53 1582 1114 1684; baseline 0.004 -27"><span class='ocrx_word' id='word_1_79' title='bbox 53 1597 193 1676; x_wconf 83' lang='lat' dir='ltr'><strong>rum¹²‚</strong></span> <span class='ocrx_word' id='word_1_80' title='bbox 215 1611 336 1684; x_wconf 87' lang='lat' dir='ltr'><strong>neque</strong></span> <span class='ocrx_word' id='word_1_81' title='bbox 354 1587 431 1657; x_wconf 86' lang='lat' dir='ltr'><strong>sine</strong></span> <span class='ocrx_word' id='word_1_82' title='bbox 451 1583 591 1681; x_wconf 84' lang='lat' dir='ltr'><strong>legum,</strong></span> <span class='ocrx_word' id='word_1_83' title='bbox 611 1582 817 1671; x_wconf 70' lang='lat' dir='ltr'><strong>morum13,</strong></span> <span class='ocrx_word' id='word_1_84' title='bbox 834 1587 923 1681; x_wconf 85' lang='lat' dir='ltr'><strong>juris</strong></span> <span class='ocrx_word' id='word_1_85' title='bbox 947 1591 1114 1676; x_wconf 85' lang='lat' dir='ltr'><strong>scientia,</strong></span> 
     </span>
     <span class='ocr_line' id='line_1_13' title="bbox 56 1695 1115 1792; baseline 0.004 -25"><span class='ocrx_word' id='word_1_86' title='bbox 56 1721 180 1792; x_wconf 89' lang='lat' dir='ltr'><strong>neque</strong></span> <span class='ocrx_word' id='word_1_87' title='bbox 198 1711 326 1768; x_wconf 85' lang='lat' dir='ltr'><strong>natura</strong></span> <span class='ocrx_word' id='word_1_88' title='bbox 347 1695 536 1766; x_wconf 89' lang='lat' dir='ltr'><strong>bominum</strong></span> <span class='ocrx_word' id='word_1_89' title='bbox 558 1695 756 1791; x_wconf 85' lang='lat' dir='ltr'><strong>incognita,</strong></span> <span class='ocrx_word' id='word_1_90' title='bbox 777 1718 818 1765; x_wconf 87' lang='lat' dir='ltr'><strong>ac</strong></span> <span class='ocrx_word' id='word_1_91' title='bbox 838 1696 1059 1786; x_wconf 72' lang='lat' dir='ltr'><strong>moribus¹⁴‚</strong></span> <span class='ocrx_word' id='word_1_92' title='bbox 1078 1701 1115 1771; x_wconf 91' lang='lat' dir='ltr'><strong>in</strong></span> 
     </span>
     <span class='ocr_line' id='line_1_14' title="bbox 56 1802 1115 1906; baseline 0.005 -31"><span class='ocrx_word' id='word_1_93' title='bbox 56 1803 117 1875; x_wconf 88' lang='lat' dir='ltr'><strong>bis</strong></span> <span class='ocrx_word' id='word_1_94' title='bbox 135 1806 219 1902; x_wconf 87' lang='lat' dir='ltr'><strong>ipsis</strong></span> <span class='ocrx_word' id='word_1_95' title='bbox 237 1803 347 1877; x_wconf 88' lang='lat' dir='ltr'><strong>rebus</strong></span> <span class='ocrx_word' id='word_1_96' title='bbox 372 1806 456 1876; x_wconf 90' lang='lat' dir='ltr'><strong>satis</strong></span> <span class='ocrx_word' id='word_1_97' title='bbox 477 1802 604 1876; x_wconf 87' lang='lat' dir='ltr'><strong>callide</strong></span> <span class='ocrx_word' id='word_1_98' title='bbox 626 1805 771 1892; x_wconf 84' lang='lat' dir='ltr'><strong>versari,</strong></span> <span class='ocrx_word' id='word_1_99' title='bbox 792 1819 829 1875; x_wconf 89' lang='lat' dir='ltr'><strong>et</strong></span> <span class='ocrx_word' id='word_1_100' title='bbox 848 1808 964 1902; x_wconf 89' lang='lat' dir='ltr'><strong>perite</strong></span> <span class='ocrx_word' id='word_1_101' title='bbox 987 1822 1115 1906; x_wconf 87' lang='lat' dir='ltr'><strong>potest.</strong></span> 
     </span>
     <span class='ocr_line' id='line_1_15' title="bbox 58 1911 1116 2012; baseline 0.004 -29"><span class='ocrx_word' id='word_1_102' title='bbox 58 1914 134 2003; x_wconf 88' lang='lat' dir='ltr'><strong>Qui</strong></span> <span class='ocrx_word' id='word_1_103' title='bbox 146 1928 266 1984; x_wconf 84' lang='lat' dir='ltr'><strong>eutem</strong></span> <span class='ocrx_word' id='word_1_104' title='bbox 278 1913 354 1986; x_wconf 86' lang='lat' dir='ltr'><strong>haec</strong></span> <span class='ocrx_word' id='word_1_105' title='bbox 367 1914 594 2011; x_wconf 78' lang='lat' dir='ltr'><strong>cognoverit,</strong></span> <span class='ocrx_word' id='word_1_106' title='bbox 607 1915 683 1983; x_wconf 89' lang='lat' dir='ltr'><strong>sine</strong></span> <span class='ocrx_word' id='word_1_107' title='bbox 697 1911 830 2009; x_wconf 89' lang='lat' dir='ltr'><strong>quibus</strong></span> <span class='ocrx_word' id='word_1_108' title='bbox 842 1938 887 1984; x_wconf 89' lang='lat' dir='ltr'><strong>ne</strong></span> <span class='ocrx_word' id='word_1_109' title='bbox 899 1914 956 1985; x_wconf 84' lang='lat' dir='ltr'><strong>ilia</strong></span> <span class='ocrx_word' id='word_1_110' title='bbox 969 1915 1116 2012; x_wconf 88' lang='lat' dir='ltr'><strong>quidem</strong></span> 
     </span>
     <span class='ocr_line' id='line_1_16' title="bbox 57 2023 1115 2122; baseline 0.005 -29"><span class='ocrx_word' id='word_1_111' title='bbox 57 2023 209 2093; x_wconf 88' lang='lat' dir='ltr'><strong>minima</strong></span> <span class='ocrx_word' id='word_1_112' title='bbox 223 2024 261 2092; x_wconf 90' lang='lat' dir='ltr'><strong>in</strong></span> <span class='ocrx_word' id='word_1_113' title='bbox 280 2025 393 2094; x_wconf 87' lang='lat' dir='ltr'><strong>causis</strong></span> <span class='ocrx_word' id='word_1_114' title='bbox 413 2027 604 2119; x_wconf 86' lang='lat' dir='ltr'><strong>quisquam</strong></span> <span class='ocrx_word' id='word_1_115' title='bbox 620 2037 716 2093; x_wconf 87' lang='lat' dir='ltr'><strong>recte</strong></span> <span class='ocrx_word' id='word_1_116' title='bbox 742 2025 836 2093; x_wconf 87' lang='lat' dir='ltr'><strong>tueri</strong></span> <span class='ocrx_word' id='word_1_117' title='bbox 862 2039 1000 2121; x_wconf 86' lang='lat' dir='ltr'><strong>potest,</strong></span> <span class='ocrx_word' id='word_1_118' title='bbox 1027 2028 1115 2122; x_wconf 89' lang='lat' dir='ltr'><strong>quid</strong></span> 
     </span>
     <span class='ocr_line' id='line_1_17' title="bbox 59 2126 1118 2229; baseline 0.008 -29"><span class='ocrx_word' id='word_1_119' title='bbox 59 2128 146 2201; x_wconf 88' lang='lat' dir='ltr'><strong>huic</strong></span> <span class='ocrx_word' id='word_1_120' title='bbox 159 2128 283 2203; x_wconf 85' lang='lat' dir='ltr'><strong>abesse</strong></span> <span class='ocrx_word' id='word_1_121' title='bbox 296 2133 428 2229; x_wconf 87' lang='lat' dir='ltr'><strong>poterit</strong></span> <span class='ocrx_word' id='word_1_122' title='bbox 439 2127 472 2174; x_wconf 86' lang='lat'><strong>¹⁵</strong></span> <span class='ocrx_word' id='word_1_123' title='bbox 485 2128 531 2202; x_wconf 92' lang='lat' dir='ltr'><strong>de</strong></span> <span class='ocrx_word' id='word_1_124' title='bbox 548 2132 784 2201; x_wconf 84' lang='lat' dir='ltr'><strong>maximarum</strong></span> <span class='ocrx_word' id='word_1_125' title='bbox 802 2156 923 2203; x_wconf 87' lang='lat' dir='ltr'><strong>rerum</strong></span> <span class='ocrx_word' id='word_1_126' title='bbox 943 2126 1118 2208; x_wconf 76' lang='lat' dir='ltr'><strong>scientia?</strong></span> 
     </span>
    </p>
   </div>
   <div class='ocr_carea' id='block_1_3' title="bbox 34 2290 1208 4165">
    <p class='ocr_par' dir='ltr' id='par_1_4' title="bbox 34 2290 1120 3381">
     <span class='ocr_line' id='line_1_18' title="bbox 59 2290 1117 2356; baseline -0.002 -16"><span class='ocrx_word' id='word_1_127' title='bbox 59 2293 86 2340; x_wconf 81' lang='lat' dir='ltr'><strong>iss</strong></span> <span class='ocrx_word' id='word_1_128' title='bbox 97 2291 144 2340; x_wconf 79' lang='lat' dir='ltr'><strong>tuo</strong></span> <span class='ocrx_word' id='word_1_129' title='bbox 156 2290 255 2356; x_wconf 68' lang='lat' dir='ltr'><strong>dialogo</strong></span> <span class='ocrx_word' id='word_1_130' title='bbox 266 2292 370 2342; x_wconf 77' lang='lat' dir='ltr'><strong>derideri</strong></span> <span class='ocrx_word' id='word_1_131' title='bbox 381 2302 496 2343; x_wconf 77' lang='lat' dir='ltr'><strong>oratores.</strong></span> <span class='ocrx_word' id='word_1_132' title='bbox 509 2293 568 2341; x_wconf 79' lang='lat' dir='ltr'><strong>Nou</strong></span> <span class='ocrx_word' id='word_1_133' title='bbox 649 2309 689 2342; x_wconf 88' lang='lat' dir='ltr'><strong>ss.</strong></span> <span class='ocrx_word' id='word_1_134' title='bbox 701 2292 773 2342; x_wconf 76' lang='lat' dir='ltr'><strong>Verbi</strong></span> <span class='ocrx_word' id='word_1_135' title='bbox 784 2293 847 2341; x_wconf 81' lang='lat' dir='ltr'><strong>euim</strong></span> <span class='ocrx_word' id='word_1_136' title='bbox 859 2297 1028 2348; x_wconf 59' lang='lat' dir='ltr'><strong>cosme.</strong></span> <span class='ocrx_word' id='word_1_137' title='bbox 1040 2300 1117 2350; x_wconf 79' lang='lat' dir='ltr'><strong>Msxi.</strong></span> 
     </span>
     <span class='ocr_line' id='line_1_19' title="bbox 60 2371 1118 2431; baseline 0.01 -14"><span class='ocrx_word' id='word_1_138' title='bbox 60 2386 141 2420; x_wconf 79' lang='lat' dir='ltr'><strong>sesan</strong></span> <span class='ocrx_word' id='word_1_139' title='bbox 162 2371 321 2431; x_wconf 70' lang='lat' dir='ltr'><strong>rbewdosm,</strong></span> <span class='ocrx_word' id='word_1_140' title='bbox 345 2372 388 2420; x_wconf 85' lang='lat' dir='ltr'><strong>sed</strong></span> <span class='ocrx_word' id='word_1_141' title='bbox 410 2371 568 2421; x_wconf 80' lang='lat' dir='ltr'><strong>sduiteriusrn</strong></span> <span class='ocrx_word' id='word_1_142' title='bbox 611 2386 655 2421; x_wconf 84' lang='lat' dir='ltr'><strong>nso</strong></span> <span class='ocrx_word' id='word_1_143' title='bbox 664 2373 800 2420; x_wconf 73' lang='lat' dir='ltr'><strong>sciurorum</strong></span> <span class='ocrx_word' id='word_1_144' title='bbox 817 2381 877 2419; x_wconf 86' lang='lat' dir='ltr'><strong>testu</strong></span> <span class='ocrx_word' id='word_1_145' title='bbox 890 2376 1118 2428; x_wconf 72' lang='lat' dir='ltr'><strong>oontmduntirster</strong></span> 
     </span>
     <span class='ocr_line' id='line_1_20' title="bbox 61 2448 1115 2517; baseline 0.006 -18"><span class='ocrx_word' id='word_1_146' title='bbox 61 2461 169 2510; x_wconf 73' lang='lat' dir='ltr'><strong>nusum,</strong></span> <span class='ocrx_word' id='word_1_147' title='bbox 182 2463 211 2500; x_wconf 91' lang='lat' dir='ltr'><strong>ut</strong></span> <span class='ocrx_word' id='word_1_148' title='bbox 228 2453 305 2501; x_wconf 84' lang='lat' dir='ltr'><strong>cuivis</strong></span> <span class='ocrx_word' id='word_1_149' title='bbox 321 2453 410 2517; x_wconf 70' lang='lat' dir='ltr'><strong>legenti</strong></span> <span class='ocrx_word' id='word_1_150' title='bbox 428 2463 507 2517; x_wconf 81' lang='lat' dir='ltr'><strong>patet,</strong></span> <span class='ocrx_word' id='word_1_151' title='bbox 520 2462 568 2500; x_wconf 84' lang='lat' dir='ltr'><strong>trs-</strong></span> <span class='ocrx_word' id='word_1_152' title='bbox 611 2465 638 2497; x_wconf 85' lang='lat' dir='ltr'><strong>se</strong></span> <span class='ocrx_word' id='word_1_153' title='bbox 647 2449 739 2507; x_wconf 71' lang='lat' dir='ltr'><strong>Greci,</strong></span> <span class='ocrx_word' id='word_1_154' title='bbox 749 2448 804 2512; x_wconf 87' lang='lat' dir='ltr'><strong>quis</strong></span> <span class='ocrx_word' id='word_1_155' title='bbox 814 2459 897 2497; x_wconf 90' lang='lat' dir='ltr'><strong>orstor</strong></span> <span class='ocrx_word' id='word_1_156' title='bbox 905 2450 1022 2502; x_wconf 84' lang='lat' dir='ltr'><strong>dicendus</strong></span> <span class='ocrx_word' id='word_1_157' title='bbox 1032 2456 1115 2514; x_wconf 78' lang='lat' dir='ltr'><strong>sit.sn</strong></span> 
     </span>
     <span class='ocr_line' id='line_1_21' title="bbox 61 2527 1116 2595; baseline 0.006 -17"><span class='ocrx_word' id='word_1_158' title='bbox 61 2529 138 2578; x_wconf 84' lang='lat' dir='ltr'><strong>ducit.</strong></span> <span class='ocrx_word' id='word_1_159' title='bbox 153 2530 238 2594; x_wconf 74' lang='lat' dir='ltr'><strong>Neque</strong></span> <span class='ocrx_word' id='word_1_160' title='bbox 253 2548 312 2579; x_wconf 82' lang='lat' dir='ltr'><strong>vero</strong></span> <span class='ocrx_word' id='word_1_161' title='bbox 325 2548 416 2595; x_wconf 75' lang='lat' dir='ltr'><strong>paucos</strong></span> <span class='ocrx_word' id='word_1_162' title='bbox 429 2530 526 2579; x_wconf 84' lang='lat' dir='ltr'><strong>induxit</strong></span> <span class='ocrx_word' id='word_1_163' title='bbox 542 2530 568 2576; x_wconf 88' lang='lat' dir='ltr'><strong>in</strong></span> <span class='ocrx_word' id='word_1_164' title='bbox 611 2528 653 2576; x_wconf 83' lang='lat' dir='ltr'><strong>ille</strong></span> <span class='ocrx_word' id='word_1_165' title='bbox 668 2527 711 2590; x_wconf 86' lang='lat' dir='ltr'><strong>qui</strong></span> <span class='ocrx_word' id='word_1_166' title='bbox 729 2537 824 2574; x_wconf 79' lang='lat' dir='ltr'><strong>tantum</strong></span> <span class='ocrx_word' id='word_1_167' title='bbox 841 2527 867 2573; x_wconf 88' lang='lat' dir='ltr'><strong>in</strong></span> <span class='ocrx_word' id='word_1_168' title='bbox 885 2531 963 2577; x_wconf 87' lang='lat' dir='ltr'><strong>csusis</strong></span> <span class='ocrx_word' id='word_1_169' title='bbox 980 2533 1116 2583; x_wconf 78' lang='lat' dir='ltr'><strong>forensibus</strong></span> 
     </span>
     <span class='ocr_line' id='line_1_22' title="bbox 62 2606 1117 2674; baseline 0.003 -17"><span class='ocrx_word' id='word_1_170' title='bbox 62 2624 168 2657; x_wconf 81' lang='lat' dir='ltr'><strong>errorem</strong></span> <span class='ocrx_word' id='word_1_171' title='bbox 187 2609 228 2657; x_wconf 89' lang='lat' dir='ltr'><strong>bic</strong></span> <span class='ocrx_word' id='word_1_172' title='bbox 246 2609 371 2674; x_wconf 69' lang='lat' dir='ltr'><strong>dialogus,</strong></span> <span class='ocrx_word' id='word_1_173' title='bbox 390 2622 420 2658; x_wconf 91' lang='lat' dir='ltr'><strong>ut</strong></span> <span class='ocrx_word' id='word_1_174' title='bbox 432 2609 569 2657; x_wconf 78' lang='lat' dir='ltr'><strong>observeris</strong></span> <span class='ocrx_word' id='word_1_175' title='bbox 612 2606 703 2663; x_wconf 78' lang='lat' dir='ltr'><strong>valeat,</strong></span> <span class='ocrx_word' id='word_1_176' title='bbox 719 2622 750 2652; x_wconf 85' lang='lat' dir='ltr'><strong>sn</strong></span> <span class='ocrx_word' id='word_1_177' title='bbox 768 2607 811 2668; x_wconf 84' lang='lat' dir='ltr'><strong>qui</strong></span> <span class='ocrx_word' id='word_1_178' title='bbox 828 2606 858 2652; x_wconf 90' lang='lat' dir='ltr'><strong>de</strong></span> <span class='ocrx_word' id='word_1_179' title='bbox 871 2622 897 2652; x_wconf 84' lang='lat' dir='ltr'><strong>rs</strong></span> <span class='ocrx_word' id='word_1_180' title='bbox 913 2609 1021 2670; x_wconf 74' lang='lat' dir='ltr'><strong>quelibet</strong></span> <span class='ocrx_word' id='word_1_181' title='bbox 1034 2624 1117 2661; x_wconf 84' lang='lat' dir='ltr'><strong>ornste</strong></span> 
     </span>
     <span class='ocr_line' id='line_1_23' title="bbox 62 2683 899 2752; baseline -0.002 -18"><span class='ocrx_word' id='word_1_182' title='bbox 62 2689 207 2750; x_wconf 81' lang='lat' dir='ltr'><strong>Quintilian.</strong></span> <span class='ocrx_word' id='word_1_183' title='bbox 224 2688 270 2736; x_wconf 87' lang='lat' dir='ltr'><strong>lib.</strong></span> <span class='ocrx_word' id='word_1_184' title='bbox 290 2690 330 2749; x_wconf 91' lang='lat'><strong>11,</strong></span> <span class='ocrx_word' id='word_1_185' title='bbox 347 2704 401 2752; x_wconf 81' lang='lat' dir='ltr'><strong>esp.</strong></span> <span class='ocrx_word' id='word_1_186' title='bbox 419 2689 448 2735; x_wconf 80' lang='lat'><strong>15</strong></span> <span class='ocrx_word' id='word_1_187' title='bbox 460 2687 566 2736; x_wconf 68' lang='lat' dir='ltr'><strong>:«t²10ri·</strong></span> <span class='ocrx_word' id='word_1_188' title='bbox 613 2685 689 2748; x_wconf 82' lang='lat' dir='ltr'><strong>possit</strong></span> <span class='ocrx_word' id='word_1_189' title='bbox 703 2683 792 2733; x_wconf 83' lang='lat' dir='ltr'><strong>dicere.</strong></span> <span class='ocrx_word' id='word_1_190' title='bbox 807 2686 899 2733; x_wconf 74' lang='lat' dir='ltr'><strong>Pausr.</strong></span> 
     </span>
     <span class='ocr_line' id='line_1_24' title="bbox 62 2762 1117 2830; baseline 0 -17"><span class='ocrx_word' id='word_1_191' title='bbox 62 2782 124 2828; x_wconf 75' lang='lat' dir='ltr'><strong>epse,</strong></span> <span class='ocrx_word' id='word_1_192' title='bbox 143 2767 241 2829; x_wconf 79' lang='lat' dir='ltr'><strong>iuquit,</strong></span> <span class='ocrx_word' id='word_1_193' title='bbox 260 2766 319 2813; x_wconf 89' lang='lat' dir='ltr'><strong>dnrn</strong></span> <span class='ocrx_word' id='word_1_194' title='bbox 339 2783 414 2830; x_wconf 81' lang='lat' dir='ltr'><strong>psucs</strong></span> <span class='ocrx_word' id='word_1_195' title='bbox 433 2781 462 2813; x_wconf 86' lang='lat' dir='ltr'><strong>ex</strong></span> <span class='ocrx_word' id='word_1_196' title='bbox 477 2766 569 2828; x_wconf 80' lang='lat' dir='ltr'><strong>Gorgia</strong></span> <span class='ocrx_word' id='word_1_197' title='bbox 651 2778 691 2810; x_wconf 74' lang='lat' dir='ltr'><strong>ra·</strong></span> <span class='ocrx_word' id='word_1_198' title='bbox 703 2762 814 2808; x_wconf 81' lang='lat' dir='ltr'><strong>Omnium</strong></span> <span class='ocrx_word' id='word_1_199' title='bbox 827 2779 906 2809; x_wconf 84' lang='lat' dir='ltr'><strong>rerum</strong></span> <span class='ocrx_word' id='word_1_200' title='bbox 918 2765 1117 2826; x_wconf 64' lang='lat' dir='ltr'><strong>publicanum</strong></span> 
     </span>
     <span class='ocr_line' id='line_1_25' title="bbox 63 2841 1119 2910; baseline 0.005 -18"><span class='ocrx_word' id='word_1_201' title='bbox 63 2845 325 2910; x_wconf 79' lang='lat' dir='ltr'><strong>Pbtonissprioribus</strong></span> <span class='ocrx_word' id='word_1_202' title='bbox 335 2846 445 2909; x_wconf 85' lang='lat' dir='ltr'><strong>imperite</strong></span> <span class='ocrx_word' id='word_1_203' title='bbox 458 2853 569 2906; x_wconf 80' lang='lat' dir='ltr'><strong>excerpts</strong></span> <span class='ocrx_word' id='word_1_204' title='bbox 612 2841 717 2905; x_wconf 78' lang='lat' dir='ltr'><strong>vulgetis</strong></span> <span class='ocrx_word' id='word_1_205' title='bbox 743 2841 796 2889; x_wconf 79' lang='lat' dir='ltr'><strong>dnae</strong></span> <span class='ocrx_word' id='word_1_206' title='bbox 817 2854 945 2906; x_wconf 82' lang='lat' dir='ltr'><strong>postremre</strong></span> <span class='ocrx_word' id='word_1_207' title='bbox 963 2861 1036 2892; x_wconf 84' lang='lat' dir='ltr'><strong>voces</strong></span> <span class='ocrx_word' id='word_1_208' title='bbox 1057 2849 1119 2898; x_wconf 88' lang='lat' dir='ltr'><strong>msls</strong></span> 
     </span>
     <span class='ocr_line' id='line_1_26' title="bbox 62 2920 1119 2987; baseline 0.004 -15"><span class='ocrx_word' id='word_1_209' title='bbox 62 2923 141 2987; x_wconf 67' lang='lat' dir='ltr'><strong>legere</strong></span> <span class='ocrx_word' id='word_1_210' title='bbox 154 2927 277 2986; x_wconf 75' lang='lat' dir='ltr'><strong>contenti,</strong></span> <span class='ocrx_word' id='word_1_211' title='bbox 291 2939 370 2987; x_wconf 82' lang='lat' dir='ltr'><strong>neque</strong></span> <span class='ocrx_word' id='word_1_212' title='bbox 381 2923 428 2970; x_wconf 80' lang='lat' dir='ltr'><strong>slis</strong></span> <span class='ocrx_word' id='word_1_213' title='bbox 442 2923 494 2982; x_wconf 81' lang='lat' dir='ltr'><strong>ejus</strong></span> <span class='ocrx_word' id='word_1_214' title='bbox 503 2920 571 2968; x_wconf 79' lang='lat' dir='ltr'><strong>volu·</strong></span> <span class='ocrx_word' id='word_1_215' title='bbox 613 2921 809 2982; x_wconf 83' lang='lat' dir='ltr'><strong>conjunguntur,</strong></span> <span class='ocrx_word' id='word_1_216' title='bbox 817 2936 896 2984; x_wconf 85' lang='lat' dir='ltr'><strong>neque</strong></span> <span class='ocrx_word' id='word_1_217' title='bbox 906 2925 970 2970; x_wconf 76' lang='lat' dir='ltr'><strong>enisu</strong></span> <span class='ocrx_word' id='word_1_218' title='bbox 980 2940 1075 2974; x_wconf 83' lang='lat' dir='ltr'><strong>necesse</strong></span> <span class='ocrx_word' id='word_1_219' title='bbox 1083 2940 1119 2976; x_wconf 90' lang='lat' dir='ltr'><strong>est</strong></span> 
     </span>
     <span class='ocr_line' id='line_1_27' title="bbox 64 2999 1117 3069; baseline 0.003 -19"><span class='ocrx_word' id='word_1_220' title='bbox 64 3000 129 3051; x_wconf 75' lang='lat' dir='ltr'><strong>mine</strong></span> <span class='ocrx_word' id='word_1_221' title='bbox 139 3003 270 3061; x_wconf 81' lang='lat' dir='ltr'><strong>evolvunt,</strong></span> <span class='ocrx_word' id='word_1_222' title='bbox 284 3003 309 3049; x_wconf 93' lang='lat' dir='ltr'><strong>in</strong></span> <span class='ocrx_word' id='word_1_223' title='bbox 320 3003 450 3049; x_wconf 83' lang='lat' dir='ltr'><strong>ussximuru</strong></span> <span class='ocrx_word' id='word_1_224' title='bbox 465 3016 570 3048; x_wconf 88' lang='lat' dir='ltr'><strong>errorem</strong></span> <span class='ocrx_word' id='word_1_225' title='bbox 614 3008 641 3044; x_wconf 89' lang='lat' dir='ltr'><strong>nt</strong></span> <span class='ocrx_word' id='word_1_226' title='bbox 648 2999 668 3044; x_wconf 92' lang='lat' dir='ltr'><strong>is</strong></span> <span class='ocrx_word' id='word_1_227' title='bbox 675 3014 758 3045; x_wconf 87' lang='lat' dir='ltr'><strong>omues</strong></span> <span class='ocrx_word' id='word_1_228' title='bbox 766 2999 913 3062; x_wconf 77' lang='lat' dir='ltr'><strong>respublicas</strong></span> <span class='ocrx_word' id='word_1_229' title='bbox 922 3016 1065 3065; x_wconf 82' lang='lat' dir='ltr'><strong>cognoscat,</strong></span> <span class='ocrx_word' id='word_1_230' title='bbox 1075 3008 1117 3069; x_wconf 83' lang='lat' dir='ltr'><strong>qni</strong></span> 
     </span>
     <span class='ocr_line' id='line_1_28' title="bbox 63 3075 1120 3143; baseline 0.003 -15"><span class='ocrx_word' id='word_1_231' title='bbox 63 3080 222 3129; x_wconf 83' lang='lat' dir='ltr'><strong>inciderunt:</strong></span> <span class='ocrx_word' id='word_1_232' title='bbox 236 3080 385 3143; x_wconf 85' lang='lat' dir='ltr'><strong>creduntque</strong></span> <span class='ocrx_word' id='word_1_233' title='bbox 408 3097 461 3127; x_wconf 89' lang='lat' dir='ltr'><strong>eum</strong></span> <span class='ocrx_word' id='word_1_234' title='bbox 482 3080 507 3126; x_wconf 85' lang='lat' dir='ltr'><strong>in</strong></span> <span class='ocrx_word' id='word_1_235' title='bbox 524 3078 571 3127; x_wconf 86' lang='lat' dir='ltr'><strong>bse</strong></span> <span class='ocrx_word' id='word_1_236' title='bbox 614 3093 736 3123; x_wconf 86' lang='lat' dir='ltr'><strong>romensm</strong></span> <span class='ocrx_word' id='word_1_237' title='bbox 745 3075 803 3122; x_wconf 88' lang='lat' dir='ltr'><strong>velit</strong></span> <span class='ocrx_word' id='word_1_238' title='bbox 812 3094 1075 3142; x_wconf 79' lang='lat' dir='ltr'><strong>cognoscereznecesse</strong></span> <span class='ocrx_word' id='word_1_239' title='bbox 1084 3096 1120 3133; x_wconf 87' lang='lat' dir='ltr'><strong>est</strong></span> 
     </span>
     <span class='ocr_line' id='line_1_29' title="bbox 34 3155 1118 3223; baseline 0.001 -16"><span class='ocrx_word' id='word_1_240' title='bbox 34 3200 37 3207; x_wconf 95' lang='lat'><em>.</em></span> <span class='ocrx_word' id='word_1_241' title='bbox 65 3176 116 3207; x_wconf 85' lang='lat' dir='ltr'><strong>ssse</strong></span> <span class='ocrx_word' id='word_1_242' title='bbox 130 3159 263 3223; x_wconf 77' lang='lat' dir='ltr'><strong>opinione,</strong></span> <span class='ocrx_word' id='word_1_243' title='bbox 277 3171 303 3206; x_wconf 89' lang='lat' dir='ltr'><strong>ut</strong></span> <span class='ocrx_word' id='word_1_244' title='bbox 316 3159 460 3208; x_wconf 72' lang='lat' dir='ltr'><strong>rhetoricam</strong></span> <span class='ocrx_word' id='word_1_245' title='bbox 473 3173 571 3205; x_wconf 84' lang='lat' dir='ltr'><strong>nonar·</strong></span> <span class='ocrx_word' id='word_1_246' title='bbox 614 3166 705 3211; x_wconf 81' lang='lat' dir='ltr'><strong>autem.</strong></span> <span class='ocrx_word' id='word_1_247' title='bbox 721 3165 747 3202; x_wconf 92' lang='lat' dir='ltr'><strong>ut</strong></span> <span class='ocrx_word' id='word_1_248' title='bbox 761 3155 868 3219; x_wconf 79' lang='lat' dir='ltr'><strong>publices</strong></span> <span class='ocrx_word' id='word_1_249' title='bbox 881 3173 918 3203; x_wconf 82' lang='lat' dir='ltr'><strong>res</strong></span> <span class='ocrx_word' id='word_1_250' title='bbox 932 3162 1118 3209; x_wconf 80' lang='lat' dir='ltr'><strong>omnesromsni</strong></span> 
     </span>
     <span class='ocr_line' id='line_1_30' title="bbox 65 3234 1119 3302; baseline -0.002 -15"><span class='ocrx_word' id='word_1_251' title='bbox 65 3250 127 3299; x_wconf 78' lang='lat' dir='ltr'><strong>teus,</strong></span> <span class='ocrx_word' id='word_1_252' title='bbox 140 3238 184 3300; x_wconf 76' lang='lat' dir='ltr'><strong>sed</strong></span> <span class='ocrx_word' id='word_1_253' title='bbox 197 3238 305 3302; x_wconf 84' lang='lat' dir='ltr'><strong>peritiam</strong></span> <span class='ocrx_word' id='word_1_254' title='bbox 316 3238 444 3301; x_wconf 78' lang='lat' dir='ltr'><strong>quamdam</strong></span> <span class='ocrx_word' id='word_1_255' title='bbox 453 3238 570 3300; x_wconf 76' lang='lat' dir='ltr'><strong>grntioesc</strong></span> <span class='ocrx_word' id='word_1_256' title='bbox 613 3234 708 3296; x_wconf 83' lang='lat' dir='ltr'><strong>imperii</strong></span> <span class='ocrx_word' id='word_1_257' title='bbox 717 3234 789 3289; x_wconf 79' lang='lat' dir='ltr'><strong>sciat,</strong></span> <span class='ocrx_word' id='word_1_258' title='bbox 798 3234 841 3295; x_wconf 90' lang='lat' dir='ltr'><strong>qui</strong></span> <span class='ocrx_word' id='word_1_259' title='bbox 851 3234 881 3281; x_wconf 86' lang='lat' dir='ltr'><strong>de</strong></span> <span class='ocrx_word' id='word_1_260' title='bbox 891 3235 1119 3285; x_wconf 86' lang='lat' dir='ltr'><strong>eosdmiuistrsndo</strong></span> 
     </span>
     <span class='ocr_line' id='line_1_31' title="bbox 66 3313 881 3381; baseline -0.009 -18"><span class='ocrx_word' id='word_1_261' title='bbox 66 3317 199 3381; x_wconf 80' lang='lat' dir='ltr'><strong>voiuptstis</strong></span> <span class='ocrx_word' id='word_1_262' title='bbox 210 3316 341 3373; x_wconf 77' lang='lat' dir='ltr'><strong>existimet,</strong></span> <span class='ocrx_word' id='word_1_263' title='bbox 354 3326 400 3363; x_wconf 86' lang='lat' dir='ltr'><strong>etc.</strong></span> <span class='ocrx_word' id='word_1_264' title='bbox 409 3337 421 3356; x_wconf 75' lang='grc' dir='ltr'>ι</span> <span class='ocrx_word' id='word_1_265' title='bbox 432 3316 520 3361; x_wconf 78' lang='lat' dir='ltr'><strong>Prusr.</strong></span> <span class='ocrx_word' id='word_1_266' title='bbox 615 3313 723 3359; x_wconf 85' lang='lat' dir='ltr'><strong>dicturus</strong></span> <span class='ocrx_word' id='word_1_267' title='bbox 734 3322 778 3358; x_wconf 87' lang='lat' dir='ltr'><strong>est.</strong></span> <span class='ocrx_word' id='word_1_268' title='bbox 788 3313 881 3357; x_wconf 74' lang='lat' dir='ltr'><strong>Puro.</strong></span> 
     </span>
    </p>

    <p class='ocr_par' dir='ltr' id='par_1_5' title="bbox 65 3387 1208 3852">
     <span class='ocr_line' id='line_1_32' title="bbox 101 3387 1208 3458; baseline -0.001 -16"><span class='ocrx_word' id='word_1_269' title='bbox 101 3412 126 3458; x_wconf 78' lang='lat' dir='ltr'><strong>p.</strong></span> <span class='ocrx_word' id='word_1_270' title='bbox 135 3397 166 3442; x_wconf 87' lang='lat' dir='ltr'><strong>Iss</strong></span> <span class='ocrx_word' id='word_1_271' title='bbox 173 3393 221 3442; x_wconf 75' lang='lat' dir='ltr'><strong>boc</strong></span> <span class='ocrx_word' id='word_1_272' title='bbox 230 3411 300 3442; x_wconf 68' lang='lat' dir='ltr'><strong>tuae.</strong></span> <span class='ocrx_word' id='word_1_273' title='bbox 309 3393 429 3441; x_wconf 82' lang='lat' dir='ltr'><strong>admirab.</strong></span> <span class='ocrx_word' id='word_1_274' title='bbox 438 3394 477 3440; x_wconf 83' lang='lat' dir='ltr'><strong>Sic</strong></span> <span class='ocrx_word' id='word_1_275' title='bbox 487 3407 571 3439; x_wconf 84' lang='lat' dir='ltr'><strong>omues</strong></span> <span class='ocrx_word' id='word_1_276' title='bbox 653 3392 691 3438; x_wconf 79' lang='lat'><strong>13,</strong></span> <span class='ocrx_word' id='word_1_277' title='bbox 709 3393 812 3437; x_wconf 82' lang='lat' dir='ltr'><strong>Morum.</strong></span> <span class='ocrx_word' id='word_1_278' title='bbox 825 3387 953 3455; x_wconf 76' lang='lat' dir='ltr'><strong>Subiitsius</strong></span> <span class='ocrx_word' id='word_1_279' title='bbox 967 3389 1008 3438; x_wconf 87' lang='lat' dir='ltr'><strong>dst</strong></span> <span class='ocrx_word' id='word_1_280' title='bbox 1029 3393 1118 3455; x_wconf 80' lang='lat' dir='ltr'><strong>moris,</strong></span> <span class='ocrx_word' id='word_1_281' title='bbox 1205 3400 1208 3406; x_wconf 82' lang='grc'><em>’</em></span> 
     </span>
     <span class='ocr_line' id='line_1_33' title="bbox 65 3469 1086 3536; baseline -0.004 -14"><span class='ocrx_word' id='word_1_282' title='bbox 65 3474 121 3522; x_wconf 86' lang='lat' dir='ltr'><strong>edd.</strong></span> <span class='ocrx_word' id='word_1_283' title='bbox 132 3474 343 3536; x_wconf 79' lang='lat' dir='ltr'><strong>snteAldnus,qui</strong></span> <span class='ocrx_word' id='word_1_284' title='bbox 354 3472 442 3519; x_wconf 87' lang='lat' dir='ltr'><strong>delevit</strong></span> <span class='ocrx_word' id='word_1_285' title='bbox 455 3472 495 3529; x_wconf 82' lang='lat' dir='ltr'><strong>in,·</strong></span> <span class='ocrx_word' id='word_1_286' title='bbox 509 3487 571 3535; x_wconf 87' lang='lat' dir='ltr'><strong>qus·</strong></span> <span class='ocrx_word' id='word_1_287' title='bbox 615 3480 679 3517; x_wconf 85' lang='lat' dir='ltr'><strong>suet.</strong></span> <span class='ocrx_word' id='word_1_288' title='bbox 692 3470 801 3531; x_wconf 77' lang='lat' dir='ltr'><strong>Msprag.</strong></span> <span class='ocrx_word' id='word_1_289' title='bbox 815 3479 839 3515; x_wconf 88' lang='lat' dir='ltr'><strong>et</strong></span> <span class='ocrx_word' id='word_1_290' title='bbox 852 3469 908 3515; x_wconf 86' lang='lat' dir='ltr'><strong>cod.</strong></span> <span class='ocrx_word' id='word_1_291' title='bbox 922 3469 1004 3516; x_wconf 76' lang='lat' dir='ltr'><strong>coeit.</strong></span> <span class='ocrx_word' id='word_1_292' title='bbox 1018 3487 1045 3529; x_wconf 90' lang='lat' dir='ltr'><strong>s,</strong></span> <span class='ocrx_word' id='word_1_293' title='bbox 1061 3486 1086 3521; x_wconf 81' lang='lat' dir='ltr'><strong>a.</strong></span> 
     </span>
     <span class='ocr_line' id='line_1_34' title="bbox 66 3544 1119 3616; baseline -0.006 -17"><span class='ocrx_word' id='word_1_294' title='bbox 66 3569 92 3599; x_wconf 90' lang='lat' dir='ltr'><strong>re</strong></span> <span class='ocrx_word' id='word_1_295' title='bbox 101 3555 247 3616; x_wconf 83' lang='lat' dir='ltr'><strong>inpromptu</strong></span> <span class='ocrx_word' id='word_1_296' title='bbox 254 3563 299 3600; x_wconf 90' lang='lat' dir='ltr'><strong>est.</strong></span> <span class='ocrx_word' id='word_1_297' title='bbox 306 3550 355 3598; x_wconf 84' lang='lat' dir='ltr'><strong>Sed</strong></span> <span class='ocrx_word' id='word_1_298' title='bbox 362 3550 446 3597; x_wconf 84' lang='lat' dir='ltr'><strong>meiius</strong></span> <span class='ocrx_word' id='word_1_299' title='bbox 457 3561 493 3597; x_wconf 83' lang='lat' dir='ltr'><strong>est</strong></span> <span class='ocrx_word' id='word_1_300' title='bbox 504 3548 572 3613; x_wconf 83' lang='lat' dir='ltr'><strong>quod</strong></span> <span class='ocrx_word' id='word_1_301' title='bbox 653 3548 733 3601; x_wconf 55' lang='lat' dir='ltr'><strong>tledc</strong></span> <span class='ocrx_word' id='word_1_302' title='bbox 739 3544 853 3594; x_wconf 82' lang='lat' dir='ltr'><strong>moribus.</strong></span> <span class='ocrx_word' id='word_1_303' title='bbox 858 3547 942 3608; x_wconf 80' lang='lat' dir='ltr'><strong>Recte,</strong></span> <span class='ocrx_word' id='word_1_304' title='bbox 949 3548 992 3595; x_wconf 79' lang='lat' dir='ltr'><strong>etsi</strong></span> <span class='ocrx_word' id='word_1_305' title='bbox 998 3553 1119 3610; x_wconf 65' lang='lat' dir='ltr'><strong>praemit</strong></span> 
     </span>
     <span class='ocr_line' id='line_1_35' title="bbox 65 3623 1120 3693; baseline -0.001 -14"><span class='ocrx_word' id='word_1_306' title='bbox 65 3631 200 3687; x_wconf 83' lang='lat' dir='ltr'><strong>edidimus,</strong></span> <span class='ocrx_word' id='word_1_307' title='bbox 216 3641 300 3693; x_wconf 82' lang='lat' dir='ltr'><strong>estque</strong></span> <span class='ocrx_word' id='word_1_308' title='bbox 318 3641 343 3677; x_wconf 85' lang='lat' dir='ltr'><strong>et</strong></span> <span class='ocrx_word' id='word_1_309' title='bbox 358 3629 383 3675; x_wconf 87' lang='lat' dir='ltr'><strong>iu</strong></span> <span class='ocrx_word' id='word_1_310' title='bbox 400 3629 445 3676; x_wconf 80' lang='lat' dir='ltr'><strong>MS</strong></span> <span class='ocrx_word' id='word_1_311' title='bbox 457 3630 487 3676; x_wconf 83' lang='lat' dir='ltr'><strong>F..</strong></span> <span class='ocrx_word' id='word_1_312' title='bbox 501 3630 531 3674; x_wconf 86' lang='lat' dir='ltr'><strong>In</strong></span> <span class='ocrx_word' id='word_1_313' title='bbox 542 3643 572 3675; x_wconf 87' lang='lat' dir='ltr'><strong>eo</strong></span> <span class='ocrx_word' id='word_1_314' title='bbox 615 3625 797 3688; x_wconf 72' lang='lat' dir='ltr'><strong>morum‚quod</strong></span> <span class='ocrx_word' id='word_1_315' title='bbox 807 3626 903 3688; x_wconf 84' lang='lat' dir='ltr'><strong>reposui</strong></span> <span class='ocrx_word' id='word_1_316' title='bbox 914 3623 962 3673; x_wconf 80' lang='lat' dir='ltr'><strong>fide</strong></span> <span class='ocrx_word' id='word_1_317' title='bbox 973 3628 1120 3678; x_wconf 75' lang='lat' dir='ltr'><strong>membrane-</strong></span> 
     </span>
     <span class='ocr_line' id='line_1_36' title="bbox 66 3705 1119 3775; baseline -0.003 -17"><span class='ocrx_word' id='word_1_318' title='bbox 66 3711 148 3775; x_wconf 81' lang='lat' dir='ltr'><strong>psullo</strong></span> <span class='ocrx_word' id='word_1_319' title='bbox 155 3720 211 3757; x_wconf 77' lang='lat' dir='ltr'><strong>sure</strong></span> <span class='ocrx_word' id='word_1_320' title='bbox 220 3720 268 3765; x_wconf 84' lang='lat' dir='ltr'><strong>est,</strong></span> <span class='ocrx_word' id='word_1_321' title='bbox 279 3708 436 3771; x_wconf 66' lang='lat' dir='ltr'><strong>perpituum,</strong></span> <span class='ocrx_word' id='word_1_322' title='bbox 448 3707 487 3753; x_wconf 87' lang='lat' dir='ltr'><strong>cni</strong></span> <span class='ocrx_word' id='word_1_323' title='bbox 498 3707 571 3754; x_wconf 72' lang='lat' dir='ltr'><strong>alters</strong></span> <span class='ocrx_word' id='word_1_324' title='bbox 616 3721 668 3751; x_wconf 90' lang='lat' dir='ltr'><strong>rurn</strong></span> <span class='ocrx_word' id='word_1_325' title='bbox 679 3705 787 3750; x_wconf 84' lang='lat' dir='ltr'><strong>omnium</strong></span> <span class='ocrx_word' id='word_1_326' title='bbox 795 3736 802 3761; x_wconf 93' lang='lat'><strong><em>‚</em></strong></span> <span class='ocrx_word' id='word_1_327' title='bbox 810 3720 884 3766; x_wconf 85' lang='lat' dir='ltr'><strong>quum</strong></span> <span class='ocrx_word' id='word_1_328' title='bbox 896 3706 962 3767; x_wconf 85' lang='lat' dir='ltr'><strong>prius</strong></span> <span class='ocrx_word' id='word_1_329' title='bbox 973 3706 1056 3753; x_wconf 82' lang='lat' dir='ltr'><strong>fnisset</strong></span> <span class='ocrx_word' id='word_1_330' title='bbox 1068 3725 1119 3756; x_wconf 86' lang='lat' dir='ltr'><strong>nso-</strong></span> 
     </span>
     <span class='ocr_line' id='line_1_37' title="bbox 67 3782 1118 3852; baseline -0.003 -15"><span class='ocrx_word' id='word_1_331' title='bbox 67 3805 151 3837; x_wconf 78' lang='lat' dir='ltr'><strong>msssus</strong></span> <span class='ocrx_word' id='word_1_332' title='bbox 159 3788 329 3852; x_wconf 81' lang='lat' dir='ltr'><strong>superscripsit</strong></span> <span class='ocrx_word' id='word_1_333' title='bbox 339 3786 408 3848; x_wconf 80' lang='lat' dir='ltr'><strong>cnjus</strong></span> <span class='ocrx_word' id='word_1_334' title='bbox 424 3785 462 3833; x_wconf 82' lang='lat' dir='ltr'><strong>rit.</strong></span> <span class='ocrx_word' id='word_1_335' title='bbox 474 3787 537 3832; x_wconf 83' lang='lat' dir='ltr'><strong>Eur.</strong></span> <span class='ocrx_word' id='word_1_336' title='bbox 616 3783 649 3829; x_wconf 83' lang='lat' dir='ltr'><strong>ris</strong></span> <span class='ocrx_word' id='word_1_337' title='bbox 659 3799 667 3828; x_wconf 95' lang='lat'><em>:</em></span> <span class='ocrx_word' id='word_1_338' title='bbox 676 3782 743 3844; x_wconf 86' lang='lat' dir='ltr'><strong>prius</strong></span> <span class='ocrx_word' id='word_1_339' title='bbox 753 3785 817 3829; x_wconf 86' lang='lat' dir='ltr'><strong>enim</strong></span> <span class='ocrx_word' id='word_1_340' title='bbox 830 3783 908 3845; x_wconf 73' lang='lat' dir='ltr'><strong>signat</strong></span> <span class='ocrx_word' id='word_1_341' title='bbox 919 3785 1118 3834; x_wconf 85' lang='lat' dir='ltr'><strong>consuetudinem</strong></span> 
     </span>
    </p>

    <p class='ocr_par' dir='ltr' id='par_1_6' title="bbox 66 3860 1124 4165">
     <span class='ocr_line' id='line_1_38' title="bbox 105 3860 1121 3928; baseline -0.002 -12"><span class='ocrx_word' id='word_1_342' title='bbox 105 3884 145 3916; x_wconf 85' lang='lat' dir='ltr'><strong>so.</strong></span> <span class='ocrx_word' id='word_1_343' title='bbox 166 3869 196 3914; x_wconf 79' lang='lat' dir='ltr'><strong>In</strong></span> <span class='ocrx_word' id='word_1_344' title='bbox 214 3866 349 3914; x_wconf 80' lang='lat' dir='ltr'><strong>oratoribus</strong></span> <span class='ocrx_word' id='word_1_345' title='bbox 365 3863 502 3912; x_wconf 82' lang='lat' dir='ltr'><strong>irridendrs.</strong></span> <span class='ocrx_word' id='word_1_346' title='bbox 518 3860 570 3912; x_wconf 74' lang='lat' dir='ltr'><strong>Pal.</strong></span> <span class='ocrx_word' id='word_1_347' title='bbox 616 3863 694 3924; x_wconf 78' lang='lat' dir='ltr'><strong>gentis</strong></span> <span class='ocrx_word' id='word_1_348' title='bbox 712 3861 852 3924; x_wconf 70' lang='lat' dir='ltr'><strong>publicem</strong></span> <span class='ocrx_word' id='word_1_349' title='bbox 872 3862 937 3910; x_wconf 85' lang='lat' dir='ltr'><strong>istud</strong></span> <span class='ocrx_word' id='word_1_350' title='bbox 957 3880 1015 3910; x_wconf 85' lang='lat' dir='ltr'><strong>vero</strong></span> <span class='ocrx_word' id='word_1_351' title='bbox 1032 3866 1121 3928; x_wconf 80' lang='lat' dir='ltr'><strong>privsti</strong></span> 
     </span>
     <span class='ocr_line' id='line_1_39' title="bbox 66 3939 953 4007; baseline -0.005 -13"><span class='ocrx_word' id='word_1_352' title='bbox 66 3962 114 3994; x_wconf 86' lang='lat' dir='ltr'><strong>ses.</strong></span> <span class='ocrx_word' id='word_1_353' title='bbox 127 3958 152 3995; x_wconf 87' lang='lat' dir='ltr'><strong>et</strong></span> <span class='ocrx_word' id='word_1_354' title='bbox 165 3947 228 3995; x_wconf 82' lang='lat' dir='ltr'><strong>Pitb.</strong></span> <span class='ocrx_word' id='word_1_355' title='bbox 247 3942 398 4007; x_wconf 72' lang='lat' dir='ltr'><strong>respuitis,</strong></span> <span class='ocrx_word' id='word_1_356' title='bbox 418 3953 442 3989; x_wconf 89' lang='lat' dir='ltr'><strong>et</strong></span> <span class='ocrx_word' id='word_1_357' title='bbox 461 3943 496 3989; x_wconf 86' lang='lat' dir='ltr'><strong>sie</strong></span> <span class='ocrx_word' id='word_1_358' title='bbox 515 3940 574 3988; x_wconf 82' lang='lat' dir='ltr'><strong>alibi</strong></span> <span class='ocrx_word' id='word_1_359' title='bbox 617 3939 858 4002; x_wconf 85' lang='lat' dir='ltr'><strong>cujusqueindolem.</strong></span> <span class='ocrx_word' id='word_1_360' title='bbox 871 3944 953 3990; x_wconf 61' lang='lat' dir='ltr'><strong>Gsur·</strong></span> 
     </span>
     <span class='ocr_line' id='line_1_40' title="bbox 67 4017 1120 4090; baseline -0.004 -16"><span class='ocrx_word' id='word_1_361' title='bbox 67 4026 194 4090; x_wconf 80' lang='lat' dir='ltr'><strong>loquutum</strong></span> <span class='ocrx_word' id='word_1_362' title='bbox 202 4021 489 4079; x_wconf 81' lang='lat' dir='ltr'><strong>enuntsvithlielmius;</strong></span> <span class='ocrx_word' id='word_1_363' title='bbox 498 4019 575 4067; x_wconf 86' lang='lat' dir='ltr'><strong>nomi·</strong></span> <span class='ocrx_word' id='word_1_364' title='bbox 657 4018 696 4066; x_wconf 69' lang='lat' dir='ltr'><strong>sb.</strong></span> <span class='ocrx_word' id='word_1_365' title='bbox 709 4018 775 4081; x_wconf 78' lang='lat' dir='ltr'><strong>Quid</strong></span> <span class='ocrx_word' id='word_1_366' title='bbox 792 4017 848 4065; x_wconf 76' lang='lat' dir='ltr'><strong>huic</strong></span> <span class='ocrx_word' id='word_1_367' title='bbox 863 4020 947 4068; x_wconf 79' lang='lat' dir='ltr'><strong>abesse</strong></span> <span class='ocrx_word' id='word_1_368' title='bbox 953 4021 1057 4084; x_wconf 80' lang='lat' dir='ltr'><strong>poterit,</strong></span> <span class='ocrx_word' id='word_1_369' title='bbox 1075 4033 1120 4073; x_wconf 87' lang='lat' dir='ltr'><strong>etc.</strong></span> 
     </span>
     <span class='ocr_line' id='line_1_41' title="bbox 67 4095 1124 4165; baseline -0.009 -10"><span class='ocrx_word' id='word_1_370' title='bbox 67 4106 141 4154; x_wconf 73' lang='lat' dir='ltr'><strong>mrim</strong></span> <span class='ocrx_word' id='word_1_371' title='bbox 151 4105 196 4153; x_wconf 88' lang='lat' dir='ltr'><strong>lib.</strong></span> <span class='ocrx_word' id='word_1_372' title='bbox 204 4107 239 4153; x_wconf 76' lang='lat' dir='ltr'><strong>tv</strong></span> <span class='ocrx_word' id='word_1_373' title='bbox 249 4102 280 4151; x_wconf 88' lang='lat' dir='ltr'><strong>sd</strong></span> <span class='ocrx_word' id='word_1_374' title='bbox 289 4103 366 4150; x_wconf 79' lang='lat' dir='ltr'><strong>Attio.</strong></span> <span class='ocrx_word' id='word_1_375' title='bbox 374 4116 414 4165; x_wconf 80' lang='lat' dir='ltr'><strong>ep;</strong></span> <span class='ocrx_word' id='word_1_376' title='bbox 429 4117 449 4146; x_wconf 83' lang='grc' dir='ltr'><strong>ι.</strong></span> <span class='ocrx_word' id='word_1_377' title='bbox 459 4102 574 4147; x_wconf 76' lang='lat' dir='ltr'><strong>Gaurus.</strong></span> <span class='ocrx_word' id='word_1_378' title='bbox 620 4100 668 4144; x_wconf 85' lang='lat' dir='ltr'><strong>lnt.</strong></span> <span class='ocrx_word' id='word_1_379' title='bbox 681 4096 745 4143; x_wconf 85' lang='lat' dir='ltr'><strong>nulls</strong></span> <span class='ocrx_word' id='word_1_380' title='bbox 758 4095 833 4145; x_wconf 80' lang='lat' dir='ltr'><strong>deerit</strong></span> <span class='ocrx_word' id='word_1_381' title='bbox 845 4098 945 4146; x_wconf 84' lang='lat' dir='ltr'><strong>scientis</strong></span> <span class='ocrx_word' id='word_1_382' title='bbox 955 4114 1036 4147; x_wconf 85' lang='lat' dir='ltr'><strong>esrum</strong></span> <span class='ocrx_word' id='word_1_383' title='bbox 1046 4113 1124 4146; x_wconf 77' lang='lat' dir='ltr'><strong>rerum</strong></span> 
     </span>
    </p>
   </div>
   <div class='ocr_carea' id='block_1_4' title="bbox 0 0 1361 4786">
    <p class='ocr_par' dir='ltr' id='par_1_7' title="bbox 0 0 1361 4786">
     <span class='ocr_line' id='line_1_42' title="bbox 0 0 1361 4786; baseline 0 0"><span class='ocrx_word' id='word_1_384' title='bbox 0 0 1361 4786; x_wconf 95' lang='lat' dir='ltr'><strong> </strong></span> 
     </span>
    </p>
   </div>
  </div>
 </body>
</html>
