2676 4786
142 380 187 461 lta
485 377 531 444 Μ.
559 376 597 445 Τ.
623 376 865 447 CICERONlS

142 511 252 593 atque
269 510 401 582 exstat,
421 510 542 566 utrum
561 498 671 569 simus
689 522 811 569 earum
834 496 958 583 rudes,
971 522 1020 569 an
1035 484 1247 574 didiceri-

143 631 236 678 mus.
247 611 314 691 Ut,
333 607 395 702 qui
410 605 481 703 pila
497 606 641 696 ludunt,
659 634 734 678 non
750 622 904 679 utuntur
918 613 953 678 in
971 609 1047 705 ipsa
1062 610 1211 683 lusiott
1226 616 1249 662 ⁴

142 716 292 789 artificio
316 718 463 815 proprio
491 718 674 815 palaestrae,
708 718 771 789 sed
796 717 930 789 indicat
963 722 1040 816 ipse
1067 728 1249 794 motu„6²¹

141 824 381 898 didicerintne
412 827 627 925 palaestram,
654 852 698 899 an
721 831 897 912 nesciant,
918 843 955 899 et
979 830 1044 926 qui
1065 830 1249 928 aliquid

141 935 305 1033 fingunt,
317 941 383 1008 etsi
401 952 477 1008 tum
487 938 726 1036 picturanihil
739 953 903 1024 utuntur,
924 952 1066 1025 tamen,
1077 952 1249 1011 utrum!-

142 1050 255 1118 sciant
277 1051 444 1145 pingere,
464 1070 509 1117 an
533 1051 715 1133 nesciant,
736 1072 810 1118 non
833 1046 1028 1117 obscurum
1049 1063 1105 1118 est
1124 1072 1134 1117 t
1153 1048 1249 1119 sta

142 1158 179 1227 in
213 1158 436 1230 orationibus
464 1157 562 1229 hisce
596 1162 681 1256 ipsis
704 1155 942 1253 judiciorum,
962 1160 1249 1229 concionum..-

141 1280 301 1349 senatus,
327 1269 465 1338 etiamsi
496 1272 643 1366 proprie
664 1283 790 1339 ceterae
812 1290 885 1338 non
905 1264 1128 1339 adhibentur
1148 1292 1249 1341 ara

142 1372 228 1457 tes⁶,
241 1390 359 1447 tamen
375 1375 478 1447 facile
491 1375 709 1463 declaratur,
726 1393 848 1447 utrum
861 1378 909 1464 is,
922 1378 986 1473 qui
999 1376 1111 1466 dicat,
1128 1394 1249 1451 tun*

142 1484 331 1556 tummodo
351 1490 385 1556 in
405 1485 475 1557 hoc
500 1486 755 1559 declamatorio
771 1490 819 1558 sit
835 1512 946 1585 opere¹
961 1487 1133 1582 jactatus,
1154 1508 1249 1559 atra

140 1593 185 1665 ad
219 1595 410 1670 dicendum
444 1594 614 1669 omnibus
647 1598 815 1695 ingenuis
841 1595 978 1667 artibus
1003 1597 1249 1669 instructus-a

142 1709 336 1778 accesserit.

188 1822 299 1888 XVII.
315 1819 430 1913 (xvir.)
440 1823 581 1889 -Tum
599 1816 910 1888 ridens-Scaevola:
928 1820 1008 1888 Nou
1023 1815 1201 1903 luctabor,

140 1924 272 2021 inquit,
289 1939 425 2013 tecum,
441 1931 584 2014 Crasse,
603 1928 766 2023 amplius.
785 1925 827 1996 ld
838 1928 934 1996 euim
944 1928 1080 2022 ipsum,
1100 1926 1199 2024 quod

140 2048 264 2104 contra
282 2059 339 2104 me
350 2036 522 2131 loquutus
530 2062 586 2121 es,
600 2035 749 2106 artificio
768 2035 923 2131 quodam
941 2060 979 2106 es
995 2028 1199 2132 consequu-

139 2158 214 2226 tus,
238 2160 277 2214 ut
295 2161 330 2216 et
348 2147 457 2232 mihi,
475 2173 553 2244 quae
572 2172 640 2245 ego
660 2146 807 2232 vellem,
834 2172 908 2216 nou
927 2171 1002 2217 esse
1025 2148 1199 2235 oratoris,

138 2253 371 2343 concederes3
392 2271 427 2326 et
446 2282 487 2326 ea
504 2259 579 2354 ipsa
599 2258 721 2328 nescio
736 2256 922 2353 quomodo
939 2280 1063 2328 rursus
1077 2257 1198 2329 detor·

137 2389 288 2460 queres,
310 2381 418 2463 atque
438 2370 570 2438 oratori
592 2369 737 2464 propria
761 2365 930 2436 traderes.
954 2371 1053 2454 Haec,
1082 2390 1198 2463 quum

137 2498 205 2571 ego
223 2488 374 2571 praetor¹
396 2476 566 2547 Rhodum
593 2481 788 2564 venissem,
811 2494 846 2550 et
867 2502 950 2549 cum
971 2500 1113 2548 summo
1134 2475 1198 2548 illo

136 2583 286 2657 doctore
304 2587 405 2657 istius
415 2587 609 2685 disciplinae
619 2588 831 2686 Apollonio,
846 2615 886 2660 ea
898 2614 996 2685 ,quae
1011 2588 1198 2658 aPanaetio

136 2718 365 2792 acceperam,
392 2698 621 2768 contulissem
644 2725 651 2766 :
677 2699 784 2768 irrisit
805 2699 864 2770 ille
884 2697 1050 2797 quidem,
1073 2712 1115 2767 ut
1138 2722 1197 2768 so·

139 2803 522 2903 lebat,philosophiam
532 2862 541 2889 ,
552 2824 660 2905 atquc
675 2809 910 2905 contempsit,
923 2806 1109 2902 multaque
1120 2832 1196 2883 non

137 2928 207 2985 tam
227 2917 380 3012 graviter
396 2915 622 3013 dixit,quam
639 2917 762 2988 facete.
775 2923 849 2989 Tua
865 2932 984 2989 autem
1000 2915 1067 2986 suit
1079 2919 1196 2989 oratio

170 3161 194 3208 6.
208 3159 313 3209 Etiamsi
324 3163 422 3226 proprie
432 3174 516 3209 eeteroe
530 3179 579 3209 non
593 3163 640 3210 ad·
720 3165 804 3211 xvii.
823 3178 844 3209 1.
859 3163 931 3219 Hoer,
949 3176 1023 3223 quum
1044 3176 1088 3224 ego
1102 3171 1200 3224 prator

135 3238 249 3289 hibentur
265 3252 342 3289 artes.
363 3241 459 3306 Proprie
474 3259 520 3306 pro
534 3242 642 3305 propriae
686 3241 796 3290 Rhodum
815 3239 944 3295 venissem,
970 3250 995 3286 et
1015 3254 1068 3286 cnm
1092 3255 1196 3288 summo.

134 3321 186 3368 eine
205 3320 356 3369 haesitatione
374 3320 557 3385 reponendum,
570 3321 641 3367 etiam
685 3320 793 3369 Memmii
813 3320 864 3367 duo
882 3319 958 3378 MSS,
971 3319 1028 3364 item
1040 3318 1099 3367 Pali.
1114 3328 1139 3366 et
1155 3320 1195 3367 Pi·

134 3400 186 3447 sine
205 3399 290 3458 libris,
306 3400 398 3448 dudum
420 3401 482 3458 vidi,
497 3412 522 3447 et
542 3402 641 3448 miratus
686 3399 798 3448 tltoeanus
812 3415 867 3462 quce
886 3413 960 3461 quom
979 3414 1039 3461 ego,
1057 3408 1103 3445 ete.
1123 3398 1196 3461 qnod

133 3494 184 3526 sum
193 3479 218 3526 in
229 3495 258 3526 eo
265 3496 317 3527 non
326 3479 456 3527 adhesisee
465 3481 530 3527 viros
542 3480 639 3528 doctor.
685 3495 734 3526 non
743 3478 862 3526 damnem.
872 3476 1100 3537 liam—Comme,
1110 3478 1197 3540 Quum

134 3557 192 3603 Post
207 3559 231 3603 in
248 3557 332 3606 ecw.
349 3569 373 3606 et
384 3575 405 3605 s.
421 3559 438 3607 l.
454 3571 478 3606 et
493 3575 517 3608 a.
532 3561 598 3623 lips.
614 3572 638 3608 et
684 3573 730 3621 ego
744 3567 834 3622 praetor
845 3557 963 3602 venissem
972 3554 1194 3620 Rhodum,il›ique

131 3635 176 3680 MS
189 3635 238 3682 Erl.
255 3636 341 3699 reperi.
356 3636 397 3682 stc
406 3653 478 3699 supra
491 3638 591 3686 confusa
600 3637 637 3685 in·
681 3638 733 3684 haec
744 3652 799 3699 quse
810 3645 836 3682 tu
849 3634 941 3691 dixisti,
949 3645 973 3683 et
984 3653 1011 3682 ea
1022 3650 1097 3699 quaet
1110 3637 1193 3684 Penn-

129 3712 220 3759 durtrie
230 3724 255 3760 et
266 3712 402 3762 industrier.
418 3712 465 3762 sed
477 3715 560 3763 eadem
572 3714 637 3764 lidu-
682 3716 857 3772 tioaudieram,
868 3733 923 3763 cum
933 3717 1069 3782 Apollonio
1076 3718 1192 3767 contulis-

129 3790 166 3837 cit
184 3792 296 3854 rescripsi
312 3792 460 3841 adhibentur
477 3812 523 3858 pro
538 3796 637 3857 vulgato
681 3814 738 3844 sem.
755 3794 870 3844 Rhodum
890 3809 988 3845 venerat
1005 3797 1112 3846 Scaerolr
1125 3815 1192 3846 anuo

130 3868 379 3918 adhibeanturrnam
398 3883 422 3919 et
439 3885 556 3933 anteest,
573 3877 637 3921 uetsi
682 3876 712 3923 U.
735 3874 763 3922 C.
784 3875 844 3922 631.
878 3878 914 3923 Dc
937 3877 1034 3924 rhetore
1054 3876 1191 3940 Apollonio

131 3959 149 3997 t.
164 3964 189 4010 p.
202 3963 226 3993 n.
239 3957 340 3995 utomnr
353 3972 373 3997 ι,
386 3952 451 3998 Enu.
464 3980 498 3989 --
508 3951 636 4001 Schiitzins
681 3953 731 4000 vid.
747 3953 886 4002 delnvent.
901 3958 926 4015 1,
942 3957 987 4013 ss,
1003 3958 1070 4003 Bmt.
1086 3955 1119 4017 89
1143 3972 1188 4019 pt.

130 4028 255 4075 Emestum
280 4026 304 4072 in
320 4025 365 4073 hac
387 4027 470 4076 ultime
484 4032 635 4079 correctione
679 4032 742 4079 Vide
757 4033 827 4080 ctiam
842 4033 1033 4098 Quintilianum,
1048 4036 1126 4095 lll,1,
1142 4036 1193 4097 rc,

129 4104 290 4169 reprehendit.
680 4113 741 4169 ΧΠ,
754 4114 784 4169 6,
796 4129 819 4173 7.
