2624 5294
461 389 802 461 arcuumruu.
1147 415 1166 488 7

178 511 333 582 Antonius,
349 527 413 588 cap.
428 511 481 583 48,
499 529 530 568 se
550 510 765 591 deprehensum
785 510 904 584 latetur,
918 510 998 589 quod
1020 531 1053 570 ea
1070 514 1169 592 requi-

144 621 237 665 rantur
253 606 293 666 ab
310 607 391 686 ipso,
410 625 538 686 quorum
558 607 677 687 ignarus
696 608 748 682 sit,
767 621 797 667 et
815 608 902 686 quia,
919 607 1000 686 quod
1021 608 1053 668 in
1073 609 1169 668 causis

143 705 226 763 vitare
240 704 353 779 soleat,
371 706 477 763 Crasso
490 715 612 780 cogatur
624 703 790 764 succedere.
805 706 881 780 Tum
894 716 1043 765 oratorem
1056 705 1098 765 sic
1112 705 1168 765 de-

140 801 249 876 scribit,
266 813 302 861 ut
314 801 352 860 sit
362 802 404 873 is,
416 800 469 882 qui
476 800 575 860 verbis
591 801 628 861 ad
639 787 819 862 audiendum
828 802 966 880 jucundis
977 815 1007 861 et
1017 802 1168 863 sententiis

137 897 170 964 ad
189 896 383 978 probandum
401 898 627 959 accommodatis
650 901 694 958 uti
714 899 806 978 possit
830 899 861 958 in
878 898 979 958 causis
1002 897 1169 958 forensibus

137 1006 218 1074 atque
237 994 465 1072 communibus,
487 995 583 1075 sitque
605 1008 748 1076 praeterea
766 1015 854 1069 voce,
876 996 990 1056 actione
1013 1007 1044 1054 et
1067 996 1170 1076 lepore

136 1091 263 1170 quodam
287 1094 456 1152 instinctus.
478 1097 553 1152 Tum
577 1093 717 1153 adversus
737 1096 872 1154 Crassum
894 1092 1048 1172 disputans
1068 1105 1168 1172 negat,

137 1204 282 1250 oratorem
298 1191 452 1251 civitatum
466 1193 661 1272 regendarum
679 1206 730 1253 aut
748 1191 944 1272 philosophiae
962 1190 1168 1272 peritissimum

137 1308 195 1347 csse
205 1288 334 1363 debere,
346 1310 411 1370 cap.
424 1290 478 1363 bo,
491 1291 539 1363 51;
556 1292 719 1371 praesertim
734 1311 826 1371 quum
838 1287 1085 1370 philosophorum
1098 1308 1171 1369 prse-

138 1398 217 1463 cepta
240 1387 386 1466 pleraque
407 1405 424 1445 a
444 1406 530 1446 sensu
552 1387 633 1467 vulgi
652 1387 739 1447 valde
759 1386 957 1459 abhorreant,
980 1405 1043 1465 cap.
1062 1383 1169 1445 ΜΞ.

138 1486 236 1562 lleque
259 1504 334 1543 vero
352 1483 427 1561 juris
450 1484 600 1544 scientiam
622 1486 735 1546 oratori
759 1486 802 1544 ita
825 1482 1018 1544 necessit-iam
1039 1501 1115 1555 esse,
1136 1493 1171 1540 ut

139 1583 253 1642 Crassus
269 1584 432 1663 putaverit,
446 1583 509 1643 sine
522 1605 609 1645 causa
622 1584 713 1665 igitur
727 1596 756 1642 et
770 1581 984 1663 impudentiam
994 1592 1025 1640 et
1035 1577 1170 1638 inertiam
1278 1630 1283 1637 .

141 1678 379 1754 adolescentium,
395 1681 448 1761 qui
466 1681 728 1762 jurisprudentiam
748 1699 810 1739 nou
832 1677 1001 1753 addiscant,
1021 1674 1171 1745 accusari,

141 1792 198 1854 cap.
211 1775 318 1863 56759.
331 1778 393 1835 Nec
405 1775 519 1856 reliqua
532 1776 628 1836 studia
642 1775 787 1848 historie,
801 1772 878 1852 juris
891 1770 1020 1851 publici,
1038 1768 1169 1848 antiqui-

143 1872 202 1931 titis
220 1873 338 1932 etiamsi
358 1873 499 1951 adjuvent
523 1885 688 1947 oratorem,
708 1872 737 1932 ei
762 1890 885 1952 prorsus
910 1867 1073 1927 necessaria
1091 1885 1169 1936 esse,

144 1970 300 2045 prasertim
320 1990 411 2049 quum
430 1990 491 2030 non
511 1972 554 2030 ita
575 1972 702 2031 multum
722 1969 818 2050 spatia
839 1965 968 2027 habeant
988 1962 1128 2036 studiosi,
1146 1963 1170 2021 si

144 2069 227 2126 velint
253 2069 516 2129 exercitationibus
539 2089 556 2128 a
582 2074 684 2129 Crasso
710 2081 789 2129 recte
813 2063 1025 2126 commendatis
1049 2080 1170 2169 opertui

147 2162 215 2228 dire.
227 2165 272 2224 id
289 2164 396 2225 harum
415 2166 544 2226 studium
561 2179 591 2226 et
610 2164 768 2225 laborem
756 2184 882 2243 Juveues
895 2159 1109 2222 vehementer'
1100 2158 1171 2219 mci·

149 2250 243 2321 lindos
248 2264 387 2342 ,reliqua
401 2262 439 2323 ab
454 2264 580 2323 oratoris
598 2264 722 2343 proprio
740 2262 839 2322 officio
858 2281 893 2320 ac
906 2279 1027 2319 munere
1015 2257 1176 2375 sejuncta
1211 2298 1221 2332 5

148 2361 431 2439 ssse,.,cap6o61.
1024 2379 1027 2382 ⁴

180 2464 251 2532 Quae
271 2479 364 2539 quum
384 2459 505 2519 dixisset
525 2460 685 2529 Antonius,
707 2422 874 2540 Sulpiiris
873 2470 908 2516 et
913 2423 1014 2517 Cotta
1032 2400 1171 2537 dubiiare

150 2555 194 2613 risi
207 2570 276 2615 sunt
283 2576 373 2636 ,.cap
388 2558 442 2630 62,
460 2557 553 2617 utrius
567 2557 662 2617 oratio
673 2557 796 2636 propius
807 2554 845 2614 ad
856 2557 930 2614 verit
932 2533 1018 2613 alerii·
1022 2549 1173 2636 rideretur

148 2652 289 2711 accedere.
303 2657 423 2714 Crassus
435 2667 533 2713 autem
545 2655 704 2714 Antonium
717 2654 855 2724 sortasse,
871 2638 904 2709 iit
917 2660 1008 2709 artem
1008 2633 1189 2722 retinendi·

149 2749 325 2824 ostenderet,
339 2771 400 2809 non
414 2751 496 2831 quod
514 2751 637 2811 vereita
653 2751 792 2823 sentiret,
811 2742 977 2832 oratoriism
983 2728 1182 2835 miundsttitd

150 2845 250 2924 exiguis
270 2797 378 2908 linibus
399 2848 626 2908 circumdedisse
646 2848 820 2947 suspicatur
840 2841 946 2906 uinco
938 2820 1069 2903 sitifim
1089 2859 1173 2912 eum,

150 2960 205 3018 qun
215 2943 253 3002 ab
264 2965 302 3003 eo
316 2944 354 3003 de
365 2945 470 3005 officiis
483 2945 696 3025 preceptisque
713 2942 839 3004 oratoris
852 2942 974 3022 quesita
988 2941 1061 3010 sint,
1073 2957 1173 2998 secun·
1283 2943 1286 2950 '

151 3037 210 3099 dum
224 3041 303 3101 hunc
316 3042 396 3102 diem
412 3044 630 3123 expositurum
644 3043 740 3102 ‘hodie
753 3043 832 3102 enim
846 3054 889 3101 sat
902 3040 995 3100 multa
1006 3037 1121 3097 dixisse

181 3141 253 3197 Tum
267 3139 400 3200 Scaevola
412 3138 540 3198 libenter
553 3160 584 3199 se
598 3139 768 3198 auditurum
784 3138 872 3198 fuisse
884 3136 1061 3205 Antonium,
1075 3131 1132 3190 nisi
1143 3130 1174 3187 iu

152 3235 338 3295 Tusculanum
360 3235 399 3294 ed
419 3237 541 3296 Laelium
559 3238 604 3295 ire
622 3236 827 3295 constituisset.
848 3238 915 3293 Non
937 3232 1015 3290 enim
1035 3226 1094 3287 sibi
1116 3238 1173 3283 tarn

152 3332 294 3392 molestum
309 3333 414 3405 luisse,
432 3333 513 3413 quod
523 3334 573 3412 jus
589 3334 675 3396 civile
696 3330 876 3411 pervellerit,
891 3347 978 3407 quani
993 3323 1173 3404 jucundum,

151 3430 220 3506 quod
233 3451 264 3491 se
278 3431 308 3491 id
321 3431 437 3491 nescire
452 3431 600 3491 consessus
615 3433 667 3502 sit,
682 3449 746 3509 cap.
758 3431 806 3488 dn.
