2624 5294
377 451 438 525 DE
462 453 689 541 ORATORE,
715 457 846 526 LIBER
871 460 904 542 1,
924 480 981 527 at.
1160 463 1199 533 51

197 591 255 646 taur
265 574 445 648 ambitione
455 592 492 648 et
504 574 603 662 loro3
622 577 667 647 sit
682 591 801 647 tamen
816 580 852 648 in
869 603 907 649 re
923 586 1079 676 positum
1095 598 1203 682 atque

108 742 111 781 ᾗ
193 684 314 756 natura⁵.
340 690 414 784 Ego
441 689 557 775 euim,
585 702 762 784 quantum
792 712 948 786 auguror
976 693 1204 788 conjectura,

108 848 111 853 -
188 812 356 894 quantaque
373 798 516 894 ingenia
536 798 572 866 in
596 797 728 866 nostris
752 795 960 871 hominibus
980 825 1056 873 esse
1076 801 1204 891 video,

108 970 113 975 .
183 928 236 975 tun
251 904 411 1004 despero,
435 903 514 977 fore
532 906 689 1003 aliquem
706 905 916 1003 aliquando,
938 910 1003 1006 qui
1027 925 1065 981 et
1084 910 1205 983 studio

179 1016 301 1103 acriore,
329 1041 440 1115 quam
461 1041 529 1087 nos
548 1040 672 1087 sumus
694 1029 803 1112 atque
829 1012 986 1105 fuimus,
1016 1034 1052 1090 et
1072 1023 1148 1091 otio
1163 1045 1205 1095 ac

176 1120 312 1198 facultate
330 1126 494 1199 discendi
511 1127 648 1221 majore
664 1148 707 1195 ac
723 1128 938 1213 maturiore,
958 1142 993 1199 et
1012 1127 1135 1200 labore
1153 1145 1205 1200 at-

170 1256 227 1329 que
250 1236 420 1308 industria
446 1239 652 1333 superiore,
685 1260 799 1332 quum
835 1260 873 1307 se
901 1236 945 1309 ad
968 1236 1207 1325 audiendum,

169 1342 352 1441 legendum,
378 1344 685 1442 scribendumque
712 1342 933 1432 dedideritt,
954 1349 1098 1419 exsistat
1123 1348 1204 1419 talis

168 1468 279 1542 orator,
296 1455 443 1553 qualem
462 1458 675 1552 quaerimus,
691 1454 756 1550 qui
771 1453 853 1547 jure
874 1479 950 1525 non
964 1457 1081 1527 solum
1095 1456 1203 1528 diser·

167 1575 226 1649 tus,
239 1566 295 1637 sed
314 1567 424 1637 etiam
444 1565 622 1663 eloquens
639 1565 710 1635 dici
730 1563 867 1659 possit:
892 1565 957 1659 qui
973 1580 1110 1651 tamen,
1128 1589 1207 1637 mea

165 1677 336 1764 sententia,
359 1691 423 1747 aut
442 1676 502 1746 hic
521 1689 574 1746 est
590 1676 663 1769 jam
685 1677 853 1759 Crassus,
872 1688 954 1760 aut,
972 1677 1000 1744 si
1022 1676 1104 1772 quis
1128 1677 1205 1773 pari

165 1775 253 1852 luerit
271 1786 437 1881 ingenio,
467 1785 642 1881 pluraque
672 1806 782 1879 quam
810 1780 884 1864 hie,
910 1798 947 1854 et
975 1782 1145 1871 audierit,
1168 1798 1205 1855 et

164 1885 323 1983 lectitarit,
349 1890 387 1966 et
406 1894 607 1992 scripserit,
631 1890 791 1990 paullum
811 1889 894 1963 huic
913 1892 1048 1990 aliquid
1072 1894 1206 1990 poterit

161 1996 280 2075 addere.

199 2114 290 2209 (nr.)
303 2158 351 2168 -
367 2120 448 2185 Hoc
467 2114 546 2184 loco
571 2112 766 2210 Sulpicius,
789 2116 989 2210 Insperanti
1009 2112 1113 2199 mihi,
1140 2115 1199 2185 in·

159 2225 239 2316 quit,
254 2240 289 2297 et
309 2229 445 2312 Cottae,
472 2221 536 2293 sed
556 2220 659 2293 valde
681 2224 820 2319 optanti
848 2224 991 2319 utrique
1016 2238 1201 2310 nostrum,

159 2331 288 2422 cecidit,
307 2349 349 2405 ut
364 2337 404 2404 in
419 2333 528 2404 istum
538 2355 761 2416 sermonem,
776 2334 917 2419 Crasse,
935 2331 1201 2407 delaberemini.

159 2438 252 2512 llobis
271 2445 370 2513 enim
390 2443 466 2514 huc
487 2440 715 2513 venientibus
731 2440 934 2533 jucundum
953 2444 1036 2514 sutis
1057 2440 1135 2514 lore
1153 2444 1201 2512 vi-

158 2547 301 2641 debatur,
321 2555 374 2640 si,
402 2576 520 2650 quum
546 2577 611 2621 vos
641 2552 686 2621 de
710 2548 819 2621 rebus
841 2550 916 2622 aliis
941 2551 1200 2649 loqueremini,

157 2670 258 2731 umen
267 2687 335 2732 nos
348 2660 490 2759 aliquid
505 2686 550 2733 ex
562 2684 727 2732 sermone
738 2673 856 2731 vestro
867 2664 1038 2733 memoria
1050 2661 1198 2760 dignum

156 2771 302 2866 excipere
331 2795 545 2869 possemus,
570 2785 612 2840 ut
638 2794 722 2841 vero
750 2770 892 2866 penitus
922 2774 959 2841 in
985 2795 1063 2841 eam
1084 2773 1198 2870 ipsam

154 2877 248 2949 totius
268 2878 384 2976 hujus
402 2880 461 2949 vel
478 2877 601 2965 studii,
619 2878 675 2949 vel
688 2876 845 2965 artificii,
859 2879 915 2950 vel
933 2877 1109 2953 facultatis
1126 2881 1198 2969 dis·

152 2991 365 3080 putationem
388 3014 494 3088 paene
516 2991 675 3059 intimam
699 2990 888 3077 veniretis,
912 2994 970 3061 vix
996 2990 1196 3089 optandum

149 3096 243 3169 nobis
263 3099 470 3171 videbatur.
488 3102 561 3196 Ego
575 3103 687 3186 enim,
710 3100 773 3196 qui
791 3098 837 3169 ab
861 3101 1010 3170 ineunte
1018 3113 1128 3170 aetate
1140 3102 1197 3168 in·

147 3229 264 3280 census
280 3234 402 3281 essem
424 3207 546 3279 studio
568 3211 754 3306 utriusque
777 3225 956 3291 vestrum,
978 3210 1095 3279 Crassi
1112 3232 1198 3278 vero

145 3319 242 3388 etiam
257 3343 405 3403 amore,
428 3342 542 3414 quum
557 3316 601 3389 ab
614 3343 658 3390 eo
677 3341 857 3415 nusquam
871 3315 1107 3403 discederem,
1121 3340 1198 3387 ver·

143 3422 220 3499 bum
239 3454 287 3499 ex
306 3454 355 3499 eo
378 3451 581 3525 numquam
602 3427 851 3525 elicerepotui
874 3423 920 3499 de
943 3426 978 3494 vi
1000 3448 1041 3495 ac
1060 3424 1197 3500 ratione

141 3533 281 3609 dicendi
289 3548 318 3622 ⁷,
337 3562 457 3635 quum
479 3552 516 3608 et
534 3560 597 3634 per
612 3553 743 3610 memet
761 3540 879 3636 ipsum
897 3536 1065 3634 egissem,
1081 3549 1117 3607 et
1132 3560 1198 3634 per

168 3705 651 3770 ⁵..tia...nmmtttoetcto.inamto,
729 3709 754 3757 6.
778 3704 982 3767 &ridendumque
1005 3703 1130 3757 dediderit.
1158 3706 1199 3757 dle

137 3784 257 3847 nonina.
268 3785 298 3833 in
312 3786 378 3832 lust.
389 3785 460 3831 ont.
469 3784 597 3848 perlectam
607 3786 651 3833 ali·
694 3788 743 3835 Pal.
753 3802 791 3851 pr.
801 3786 873 3833 etlam
885 3783 985 3831 secut
993 3782 1014 3831 ia
1022 3782 1125 3849 dederit,
1131 3787 1200 3852 qnod

137 3877 204 3924 qun
227 3861 503 3933 ontotinllacnltat'n
527 3862 652 3927 imaginem
694 3861 1006 3925 etinGallicaniazvnlgata
1015 3865 1201 3930 amplius-mi-

137 3939 179 3987 ὁὶ
190 3949 399 4007 popoeoemnt.
410 3965 448 3977 -
460 3940 608 4003 Aliquando.
616 3945 653 3993 Ile
696 3944 853 4006 bendnmqne
870 3942 960 4001 majore
973 3956 1045 4006 opera
1059 3943 1178 3994 dediderit
1189 3966 1201 3984 ·

138 4018 656 4083 utpotaamoniipemmtdum
699 4018 924 4088 uparaneosua.

137 4096 448 4163 ffimpndtomsia
453 4098 655 4159 hunassem
735 4118 759 4161 7.
773 4103 811 4150 Da
821 4096 851 4148 vi
860 4113 893 4146 aa
904 4096 999 4148 πάνυ
1007 4100 1110 4152 Μ.
1118 4103 1204 4152 Μιίἰι

136 4173 475 4232 damnauit.
699 4176 1208 4242 munidatotqumevumeu·

1058 4283 1092 4361 4.
