2624 5294
457 419 800 494 ARGUMENTUM.
969 470 973 487 ι
1147 427 1167 500 5

153 560 201 598 esse
211 541 327 615 debent,
338 539 449 621 quibus
461 540 534 622 ipsis
545 542 570 601 si
585 542 615 600 in
630 541 757 603 dicendo
770 564 830 604 non
847 558 956 619 utatur,
969 559 1064 608 tamen
1075 570 1167 630 appa-

150 657 213 710 rere,
230 653 329 699 utmm
346 640 385 699 sit
398 659 502 698 earum
516 640 610 715 rudis,
625 661 662 700 an
676 641 826 715 didicerit,
839 662 902 723 cap.
917 645 1020 704 rr-rd.

177 737 320 812 scevola,
337 758 403 818 cap.
421 759 468 812 17,
483 751 570 816 negat
584 758 614 798 se
636 739 759 820 amplius
780 761 846 800 cum
868 760 905 800 eo
922 741 1114 819 luctaturum3
1139 758 1168 804 at

146 832 221 910 ipsius
232 834 373 913 exemplo
388 848 499 909 tamen,
513 835 623 916 quippe
637 837 689 916 qui
705 837 801 896 omnia
821 836 896 897 bene
912 839 1033 910 calleat,
1050 859 1117 918 quae
1136 842 1166 899 in

145 928 297 992 forensibus
323 932 430 1005 rebus,
452 933 651 1013 civilibusque
664 948 826 1011 versentur,
849 955 944 1014 neque
967 947 1063 996 tamen
1087 937 1168 996 illam

142 1029 296 1105 seientiam,
313 1051 402 1110 quam
422 1031 562 1112 adjungat
578 1034 702 1104 oratori,
720 1032 891 1113 complexus
909 1032 961 1107 sit,
981 1046 1109 1108 veretur,
1130 1056 1168 1093 ne
1245 1102 1249 1110 ¹

141 1126 197 1202 plus
209 1127 237 1185 ei
257 1127 411 1202 tribuerit,
424 1149 511 1208 quam
527 1150 573 1189 res
589 1145 619 1188 et
631 1131 738 1189 veritas
752 1134 815 1211 ipsa
827 1129 978 1190 concedat

171 1225 292 1284 Crassus
305 1246 375 1285 eum
385 1225 472 1304 jubet
485 1226 664 1300 meminisse,
675 1247 706 1286 se
719 1247 778 1286 non
794 1226 832 1286 de
846 1246 914 1300 sua,
926 1224 977 1285 sed
991 1225 1029 1285 de
1041 1227 1168 1286 cratoris

141 1319 272 1382 facultate
286 1323 413 1394 dixisse,
430 1337 460 1383 et
472 1325 629 1395 Antonius,
646 1345 709 1404 cap.
722 1327 842 1398 ill-ao,
863 1324 892 1382 ei
905 1323 1056 1399 concedit,
1074 1322 1168 1383 multo

140 1417 357 1499 locupletiorem
370 1421 402 1480 in
415 1421 541 1482 dicendo
554 1423 700 1493 futurum,
711 1422 736 1481 si
747 1423 813 1502 quis
826 1422 954 1481 omnium
968 1441 1067 1480 rerum
1080 1435 1169 1499 atque

138 1518 239 1578 artium
256 1521 406 1580 rationem
421 1535 614 1600 naturamque
629 1518 899 1600 comprehenderim
919 1519 999 1597 quod
1020 1519 1074 1578 etsi
1091 1517 1169 1576 diiii-

137 1614 185 1672 cile
200 1617 239 1675 sit
252 1617 306 1691 iis,
317 1620 370 1697 qm
383 1631 466 1692 ante,
475 1639 562 1698 quam
577 1617 615 1677 ad
629 1616 800 1677 discendum
816 1615 938 1693 ingressi
951 1616 1024 1686 sint,
1039 1613 1169 1673 obruan-

139 1721 181 1769 tur
196 1712 361 1774 ambitione
374 1728 404 1774 et
418 1713 501 1788 l'oro,
518 1725 612 1774 tamen
631 1712 662 1771 in
684 1712 748 1792 ipsa
771 1731 803 1770 re
823 1708 992 1791 ponendum
1005 1720 1170 1788 essentque

136 1809 308 1888 eloquentiae
323 1825 439 1871 namra.

170 1909 324 1987 Sulpicius
338 1910 501 1989 insperanti
512 1909 569 1970 sibi
583 1924 613 1970 et
625 1913 732 1983 Cottae,
747 1929 811 1990 cap.
824 1928 872 1980 nr,
887 1906 939 1967 sed
954 1905 1040 1965 valde
1056 1904 1171 1984 optanti

140 2006 251 2084 utrique
267 2007 410 2068 cecidisse
424 2009 547 2079 latetur,
564 2022 596 2068 ot
609 2010 641 2068 in
656 2009 744 2068 istum
759 2025 924 2066 sermonem
934 2001 1054 2064 Crassus
1065 2014 1096 2061 et
1105 2007 1169 2062 An-

141 2105 231 2163 tonius
247 2104 471 2180 delaberentur3
486 2107 633 2187 petitque,
652 2119 684 2166 ut
694 2107 755 2185 jam
769 2104 840 2186 quid
859 2104 897 2163 de
911 2103 990 2162 omni
1005 2121 1112 2180 genere
1125 2098 1172 2159 di-

139 2200 220 2259 oendi
235 2205 379 2276 sentiant,
394 2203 542 2264 subtiliter
555 2218 781 2284 persequantur
797 2202 940 2262 Crassus
933 2219 995 2280 lpse
1010 2198 1068 2258 boc
1081 2218 1172 2279 genus
1241 2272 1247 2283 ⁸

139 2301 277 2359 sermonis
291 2302 416 2380 refugit,
428 2302 614 2381 etpotiusab
626 2302 756 2362 Antonio
765 2289 1199 2396 ,quodrelleutgpetmrdunis
1214 2342 1224 2382 ·.
1235 2303 1245 2374 ζ

139 2416 198 2454 ease
211 2412 323 2458 monet.
338 2399 396 2458 Sed
410 2420 500 2479 quum
515 2420 582 2459 cum
596 2406 682 2459 Cotta
699 2398 777 2458 haud
798 2374 982 2490 dindlteret,
990 2382 1078 2481 eique
1091 2379 1176 2472 ‘10²5
1199 2403 1226 2417 '⁸
1251 2394 1257 2403 ’

141 2495 260 2554 stionem
272 2510 468 2575 proponeret,
479 2518 536 2556 «an
553 2497 697 2556 existimet
707 2509 800 2556 artem
808 2481 947 2576 aliquain
946 2475 1173 2576 essedicend'r33

141 2594 267 2670 primum
283 2595 390 2654 iterum
403 2595 481 2654 elabi
493 2607 601 2669 tentat,
619 2608 649 2654 et
663 2599 834 2653 Graecorum
847 2590 959 2664 moiein
946 2558 1124 2674 tisscholii
1137 2587 1176 2644 ad
1209 2655 1215 2663 .

140 2710 356 2770 quamcumque
373 2694 564 2771 quaestionem
579 2692 776 2772 respondendi
793 2690 879 2750 ridet
890 2686 1065 2778 Admonitus
1073 2675 1209 2784 lqrqeia‘s

142 2790 323 2861 aScaeeola,
340 2789 527 2849 humanitatis
538 2810 600 2849 esse
613 2809 673 2848 non
688 2789 826 2869 defugere
846 2806 911 2854 eam
929 2753 1177 2868 di‘s'pin't‘atrbnein,
1203 2787 1208 2795 '

142 2882 177 2942 ad
202 2905 289 2963 quam
309 2886 392 2945 illum
413 2887 474 2947 duo
495 2888 697 2947 excellentes
689 2885 813 2966 ingeniis
836 2883 1035 2942 adolescentes
1057 2876 1178 2956 cupiant

142 2982 296 3057 accedere,
317 2985 443 3063 primum
464 2985 550 3045 docet
570 2985 626 3045 sibi
655 2997 746 3045 artem
772 2981 887 3041 dicendi
910 2990 961 3037 aut
981 2976 1107 3046 nullam,
1130 2985 1181 3032 aut
1265 3036 1269 3042 ,

144 3093 314 3155 pertenuem
327 3082 430 3142 videri.
444 3085 580 3143 Ceterum
592 3103 652 3142 non
664 3102 725 3142 esse
740 3100 805 3140 eam
820 3077 938 3159 quidem
955 3070 1175 3151 negligendam.

142 3176 190 3234 sed
216 3191 312 3237 tamen
335 3180 393 3238 alia
416 3179 550 3258 quedam
576 3201 638 3241 esse
662 3179 700 3240 ad
724 3175 961 3256 consequendam
984 3169 1180 3246 eloquentiam

144 3273 233 3334 multo
248 3276 376 3354 majora,
391 3298 456 3356 cap.
471 3288 575 3349 nand.

183 3376 313 3452 Nempe,
328 3395 392 3453 cap.
412 3375 468 3445 25,
489 3387 627 3435 naturam
640 3376 769 3457 primum
783 3387 814 3432 et
830 3369 978 3449 ingenium
992 3363 1116 3423 multum
1129 3384 1180 3422 va-

143 3469 220 3542 lere;
240 3471 296 3529 etsi
317 3471 532 3547 adolescentes,
551 3473 667 3553 siquid
690 3472 822 3532 naturale
847 3470 925 3527 sorte
949 3483 1010 3522 non
1032 3460 1183 3553 babeant,

142 3568 264 3625 omnino
280 3588 297 3626 a
316 3567 434 3628 dicendi
450 3568 548 3629 studio
563 3590 623 3630 non
635 3572 694 3631 sint
712 3566 891 3629 deterrendi.
905 3566 1070 3644 Diligenter
1086 3575 1182 3622 tamen

141 3683 201 3722 esse
214 3666 327 3723 oratori
341 3666 572 3745 providendum,
586 3687 646 3726 non
659 3680 691 3726 ut
706 3669 741 3726 iis
757 3665 933 3736 satisfaciat,
946 3662 1053 3743 quibus
1064 3681 1182 3721 necesse

143 3763 193 3833 sit,
207 3761 257 3820 sed
272 3774 305 3820 ut
318 3763 354 3822 iis
366 3762 547 3823 admirabilis
560 3785 624 3824 esse
634 3764 785 3836 videatur,
802 3762 910 3841 quibus
926 3760 1018 3820 libere
1033 3760 1120 3818 liceat
1132 3757 1182 3834 ju-

144 3857 255 3931 dicare,
272 3880 338 3939 cap.
359 3863 407 3919 ιδ.
423 3866 522 3933 Quare
542 3862 671 3940 optimos
691 3861 780 3919 etiarn
799 3871 934 3918 oratores
952 3857 981 3916 in
1000 3853 1180 3916 exordienda

145 3959 273 4015 oratione
287 3955 473 4035 perturbari;
484 3956 567 4034 cujus
578 3956 621 4015 rei
632 3977 733 4016 causas
745 3956 907 4027 Antonius,
921 3974 985 4033 cap.
998 3973 1048 4026 a7,
1060 3949 1183 4009 uberim

147 4053 278 4129 erponit3
291 4073 326 4112 ac
341 4051 415 4110 nihil
430 4051 523 4110 rarius
537 4052 667 4132 perlecto
680 4064 800 4112 oratore
816 4050 941 4110 inveniri
957 4069 1044 4129 posse
1061 4048 1177 4105 latetur.

149 4152 181 4207 ln
194 4170 253 4228 quo
263 4151 388 4210 Crassm
400 4148 523 4208 miratur
537 4149 566 4208 in
580 4162 644 4209 arte
657 4150 832 4210 histrionum
844 4147 924 4207 tenui
937 4145 1038 4206 aeleri
1051 4143 1119 4224 plus
1130 4139 1178 4199 di·
