2676 4786
137 408 249 428 ΙΜΜΝ
255 408 1178 450 mmmmmmmmfflmmmm

338 585 921 715 ‚ARGUMENTUM

239 789 362 859 LIBRI
386 787 518 857 PRIMI
542 789 571 857 E
595 787 805 858 SCHUTZII
828 789 1052 862 EDITIONE

493 918 793 989 DESUMPTUM.

128 1080 240 1155 Rogatus
255 1076 360 1138 Cicero
374 1077 513 1151 aQuinto
528 1079 632 1152 fratre,
644 1089 694 1149 ut,
705 1080 843 1158 quoniam
856 1099 923 1160 quas
936 1079 993 1140 sibi
1009 1079 1179 1142 adolescen-

155 1176 211 1234 tulo
224 1174 262 1236 de
273 1189 336 1234 arte
348 1175 496 1235 rhetorica
505 1174 686 1249 exciderant,
698 1177 748 1235 vix
756 1179 816 1257 jam
828 1193 966 1258 proveeta
977 1192 1061 1239 aetate
1072 1193 1102 1239 et
1112 1201 1181 1250 usu,

154 1292 234 1350 quem
254 1292 292 1333 ex
312 1285 356 1331 tot
376 1273 521 1351 tantisque
539 1273 635 1333 causis
652 1290 850 1354 consequutus
869 1289 951 1348 erat,
966 1275 1055 1356 digna
1069 1291 1180 1349 essent,

153 1371 259 1449 aliquid
270 1369 307 1431 de
319 1369 423 1432 iisdem
433 1369 521 1431 rebus
531 1372 650 1451 politius
660 1374 874 1452 perfectiusque
885 1372 1040 1453 proferret,
1047 1376 1180 1453 quamvis

153 1470 193 1529 vel
208 1469 313 1529 fraude
325 1469 525 1543 inimieorum,
535 1471 582 1530 vel
594 1472 691 1530 causis
702 1471 880 1544 amicorum,
895 1472 940 1531 vel
952 1456 1078 1551 publicis
1087 1493 1180 1552 nego-

152 1567 193 1626 tiis
206 1567 364 1646 impedito,
377 1568 427 1627 vix
440 1568 533 1626 otium
544 1567 583 1626 ad
593 1567 778 1627 scribendum
789 1567 977 1641 concedatiu,
988 1570 1073 1628 fratri
1083 1582 1179 1629 tameo

151 1685 200 1726 nee
214 1666 361 1739 hortanti,
376 1684 430 1725 nee
445 1665 578 1743 roganti,
591 1685 622 1725 se
637 1685 776 1744 umquam
790 1665 959 1725 deleturum
973 1666 1109 1726 ostendit.

187 1769 224 1824 Et
242 1784 335 1844 quum
352 1764 416 1844 ipse
431 1746 726 1844 prudentissimorum
742 1763 894 1824 hominum
911 1762 1023 1824 artibus
1038 1766 1180 1843 eloquen-

151 1861 215 1921 tiam
231 1862 376 1922 contineri
391 1874 547 1934 statueret,
562 1862 689 1936 Quintus
706 1873 803 1921 autem
822 1881 887 1921 eam
908 1859 945 1920 ab
961 1862 1105 1942 elegantia
1124 1861 1179 1922 do-

150 1960 247 2019 etrinae
271 1972 454 2039 segregaret,
474 1971 504 2019 et
522 1961 555 2018 in
574 1958 704 2038 quodam
726 1959 835 2038 ingenii
856 1971 946 2037 atque
965 1959 1180 2018 exercitationis

150 2075 251 2133 genere
265 2070 404 2136 poneret,
421 2060 540 2131 Cicero,
554 2058 626 2137 quid
641 2062 760 2117 Crassus
771 2069 801 2118 et
808 2057 969 2131 Antonius,
978 2056 1037 2116 viri
1051 2058 1181 2117 omnium

150 2249 304 2328 significat,
319 2272 420 2331 cap..1
1214 2326 1220 2334 ,Ι
1255 2292 1264 2308 .

185 2349 241 2409 Hic
256 2347 354 2408 obiter
373 2369 451 2428 saepe
471 2350 662 2426 querendum
675 2349 773 2410 sibi
744 2369 845 2422 vuum
856 2353 930 2413 esto
934 2347 1002 2423 &t,·.
1010 2321 1064 2409 dur
1060 2302 1247 2432 odires-,23
1258 2353 1277 2398 ἰ

148 2447 177 2506 in
190 2447 327 2509 omnibus
338 2446 428 2507 rebus
439 2468 529 2527 quam
538 2449 570 2507 in
579 2448 704 2508 dicendo
715 2416 1096 2528 admiraliiledexstltidsent
1104 2452 1191 2510 mn.

148 2564 204 2602 non
222 2546 316 2604 solum
332 2546 455 2625 plures
447 2559 640 2625 imperatores
655 2546 907 2624 praestantissimos
917 2538 1062 2650 etielgi.
1049 2521 1195 2640 iectotes·

149 2643 293 2748 egregios,
304 2662 393 2721 quam
404 2644 499 2704 bonos
510 2657 642 2704 oratores
655 2646 758 2718 fuisse,
769 2644 820 2703 sed
834 2633 933 2703 etiam
935 2644 965 2701 in
973 2637 1048 2731 algis
1041 2610 1234 2754 ῗτῑίἱιῖιηᾎ]

150 2738 176 2797 in
197 2740 438 2818 philosophia,
431 2762 461 2800 ιιι
481 2741 738 2809 mathematicus
730 2762 761 2799 ln
777 2742 917 2812 musicis,
931 2741 982 2798 iu
960 2715 1190 2826 ginnmalicii.
1215 2741 1226 2788 ’-

149 2837 237 2896 multo
263 2837 362 2916 plures
382 2858 470 2916 quam
493 2838 522 2897 in
546 2851 611 2898 arte
633 2837 751 2899 dicendi
775 2825 969 2898 excelluisse.
978 2820 1071 2897 Inimo
1089 2838 1176 2896 etiam

148 2934 351 3013 multoplures
371 2947 472 3013 poetas
489 2933 584 2995 bonos
604 2954 692 3012 quam
712 2948 844 2995 oratores
862 2935 996 3015 reperiri.
1018 2934 1105 3010 Quod
1120 2934 1177 2993 hoc

148 3032 306 3092 mirabilius
319 3031 427 3092 debere
441 3032 548 3104 videri,
564 3031 644 3111 quod
658 3032 775 3093 dicendi
789 3034 865 3091 ratio
879 3053 939 3091 non
954 3030 1062 3091 abditis
1078 3053 1095 3091 e
1109 3032 1176 3089 lon-

149 3127 223 3188 tibus
236 3130 399 3202 hauriatur,
413 3128 465 3190 sed
483 3131 513 3188 in
529 3130 626 3190 medio
643 3131 753 3210 posita,
772 3131 919 3188 communi
935 3129 1064 3207 quodam
1076 3130 1107 3187 in
1121 3147 1176 3185 usu

148 3238 231 3305 atque
246 3228 277 3285 in
291 3227 443 3287 hominum
458 3246 540 3286 more
558 3239 587 3287 et
602 3247 736 3286 sermone
751 3239 902 3297 versetur3
916 3246 1012 3303 neque
1027 3245 1099 3284 vero
1117 3224 1175 3282 dici

149 3326 252 3399 possit,
264 3338 314 3384 aut
328 3326 427 3404 plnres
439 3325 545 3384 ceteris
559 3324 695 3384 artibus
687 3325 846 3393 inservire,
858 3337 909 3382 aut
923 3323 1034 3400 majore
1048 3322 1175 3380 delecta-

147 3421 237 3495 tione,
251 3437 302 3481 aut
313 3441 365 3501 spe
381 3422 532 3496 uberiore,
546 3436 599 3482 aut
612 3422 738 3502 premiis
753 3420 790 3481 ad
807 3419 1034 3501 perdiscendum
1050 3417 1175 3497 amplio-

148 3519 224 3580 ribus
241 3521 420 3580 commoveri
425 3541 514 3599 ,.cap
528 3529 593 3589 1-4

183 3621 281 3691 Quare
294 3617 404 3677 nullam
417 3617 503 3677 aliam
517 3638 578 3677 esse
593 3636 709 3676 causam
723 3616 926 3675 excellentium
938 3625 1088 3674 oratorum
1099 3634 1175 3693 pau-

149 3714 253 3787 citatis,
268 3736 358 3794 quam
373 3736 416 3774 rei
407 3715 588 3794 quamdam
602 3713 804 3774 incredibilem
821 3711 1047 3792 magnitudinem
1065 3732 1098 3770 ae
1115 3710 1173 3769 dif-

151 3810 316 3885 fionltatem‚
331 3833 396 3891 cap.
416 3814 443 3871 5.
464 3814 618 3872 Neminem
633 3831 696 3871 esse
711 3831 796 3890 posse
817 3824 964 3869 oratorem
987 3808 1067 3868 omni
1090 3807 1175 3866 laude

152 3910 340 3985 cumulatum,
357 3911 415 3969 nisi
430 3911 469 3969 sit
479 3912 612 3973 omnium
626 3929 725 3969 rerum
740 3927 911 3986 magnarum
926 3920 1018 3965 artem
1038 3926 1071 3964 ac
1084 3904 1176 3963 seien-

154 4005 215 4066 tiam
233 4020 442 4087 consequutus.
462 4007 499 4067 Se
521 4021 634 4077 tamen,
652 4027 689 4067 ne
707 4007 764 4066 hoc
782 4006 867 4064 nimis
888 4006 1060 4066 immensum
1079 4002 1176 4061 infmi-

155 4114 263 4182 tumque
274 4106 421 4173 videatur,
432 4104 497 4181 ipso
508 4110 678 4171 Graecorum
690 4102 826 4182 exemplo
836 4102 1032 4180 sepositurum
1045 4120 1060 4159 a
1073 4100 1176 4159 ceteris

1015 4222 1043 4266 Ι.
