2676 4786
295 382 357 452 DE
381 384 616 470 ΟΒΛΤΟΒΕ,
641 386 771 455 LIBER
795 387 828 475 ΙΙ,
855 408 907 456 ιο.
1081 413 1125 482 ²7

68 496 303 574 consertum⁸
330 516 515 591 vocarent,
542 503 640 600 quod
667 508 705 574 in
734 503 866 576 alienus
887 508 1126 602 possessiones

71 624 144 683 tum
165 624 300 682 temere
314 613 485 684 inruisses.
508 617 664 710 Agerent
682 614 777 685 enim
798 630 916 686 tecum
934 614 1035 713 teger
1055 621 1126 715 pn‘·

70 743 173 791 mum
187 721 396 820 Pythagorei
413 739 656 822 omnesatque
666 727 912 812 Democritio,
925 728 1125 824 ceterique,

71 831 111 899 in
132 855 200 902 sno
220 856 373 927 genere,
398 834 536 932 physici
549 845 581 881 ¹⁰
599 834 870 921 vindicarent¹¹‚
884 838 1001 907 ornati
1018 836 1128 908 homi·

70 962 137 1010 nes
153 942 191 1012 in
210 941 364 1014 dicendo
377 959 414 1015 et
427 969 569 1042 graves,
590 944 808 1043 quibuscum
820 945 886 1016 tibi
897 947 995 1040 justo
1011 972 1125 1019 sacra-

70 1062 237 1121 mento¹²
259 1053 476 1126 contendere
496 1079 571 1125 non
592 1055 725 1126 liceret.
751 1058 928 1152 Urgerent
956 1070 1126 1153 praeterea

69 1260 361 1351 indempnem
369 1298 405 1336 est
413 1287 519 1337 edictum
527 1303 577 1351 qun
620 1289 709 1349 cultes,
718 1300 818 1355 propter
830 1306 902 1354 quern
913 1291 1023 1339 Peerciue
1034 1291 1125 1355 recepit

63 1364 240 1430 iuheteliquid
250 1367 289 1417 vel
301 1367 362 1428 fieri,
371 1368 409 1416 rel
420 1369 509 1418 omitti.
518 1372 578 1418 Sen-
612 1367 671 1433 jure
680 1385 741 1427 snos
755 1369 826 1433 qnod
835 1371 894 1419 inihi
904 1370 1008 1418 eliennm
1018 1369 1124 1419 videtur.

67 1532 96 1570 et
104 1522 159 1587 lege
167 1540 197 1571 ec
210 1526 321 1588 proteris
333 1525 414 1575 edicto
426 1537 505 1574 tecum
522 1544 577 1591 ege·
619 1527 650 1573 ln
662 1542 802 1592 tangerem
810 1528 884 1576 estin
893 1542 936 1574 ene
948 1526 1039 1590 quique
1047 1536 1123 1601 selem

67 1612 139 1659 rent,
146 1602 216 1666 quud
223 1619 275 1652 sem
284 1620 335 1653 rem
344 1638 352 1665 ‚
362 1620 416 1668 ques
427 1607 533 1669 pertinet
544 1607 576 1656 ed
618 1616 647 1653 nt
656 1607 782 1671 Epicurei,
792 1617 837 1655 etc.
847 1607 892 1653 MS
902 1608 930 1655 E.
940 1606 1022 1653 omisit
1027 1619 1125 1669 genere.

66 1679 217 1740 elimenes,
233 1683 459 1732 nimiruminnmni
469 1685 576 1751 dispute·
619 1683 909 1734 Eanum—Sebinnus
919 1684 997 1732 edidit
1008 1699 1052 1732 sno
1057 1683 1124 1748 jure.
1171 1750 1172 1754 Ἰ

67 1756 139 1806 tione
154 1761 254 1824 copiose
273 1762 374 1822 veneri,
392 1773 575 1827 temquemore·
618 1762 849 1827 ll‘oc‚inquit‚Cer.
856 1763 959 1832 Lengius
966 1762 997 1809 ed
1006 1762 1056 1810 Cic.
1066 1760 1124 1809 nel.

67 1826 119 1885 edel
127 1841 252 1904 proprien
263 1840 370 1890 vindices
379 1841 427 1902 illi,
439 1858 468 1890 ec
476 1842 575 1892 tribues.
617 1857 672 1906 nep.
684 1856 729 1903 uo,
743 1859 774 1890 ex
785 1845 887 1906 entique
895 1843 962 1890 liheo
978 1842 1054 1900 eruit,
1064 1855 1124 1905 pro·

68 1918 161 1967 Peuee.
618 1919 862 1985 bentelieneingero.

79 2022 84 2028 ·
105 1997 131 2045 8,
143 2000 186 2047 b:
190 1999 249 2062 jere
259 2015 335 2047 menn
347 2013 489 2050 consertum.
505 2004 576 2051 Peer-
644 2015 698 2063 fir.
715 2000 885 2061 Vindicem,
899 1998 981 2047 ornati
1001 1997 1119 2047 homines.

67 2074 122 2124 eine
136 2076 204 2125 dedit
215 2093 322 2126 mente.
332 2078 372 2127 Sic
383 2080 576 2145 intelligendum,
622 2078 781 2128 rtedtemne
786 2115 794 2137 ,
804 2079 898 2127 enblete
905 2078 993 2142 copule
1002 2093 1064 2142 que,
1074 2076 1125 2126 edl-

67 2169 120 2203 unu
138 2156 294 2205 scribendum
305 2161 573 2223 entprnnnntienduue.
618 2158 654 2205 dit
666 2159 791 2215 Parcius,
810 2168 838 2207 ut
852 2169 889 2207 eet
907 2158 979 2206 etiem
992 2158 1018 2205 lu
1033 2158 1079 2206 MS
1093 2157 1123 2204 E.

67 2234 133 2284 Bne.
140 2261 173 2271 -
184 2237 285 2285 Menum
299 2253 424 2287 conserere
432 2249 469 2287 eet
477 2242 576 2304 proprie
617 2238 681 2287 Eun.
691 2265 723 2274 -
732 2238 783 2287 Pel.
802 2255 841 2302 pr.
855 2253 883 2285 ec
895 2253 945 2286 see.
958 2237 1122 2300 spernitque,

67 2314 94 2359 in
105 2313 191 2378 pmlio
203 2316 285 2363 venire
301 2315 332 2363 ed
345 2333 437 2365 menne.
451 2320 576 2367 Trensfer·
618 2317 700 2364 ornati
717 2315 826 2364 homiues
837 2331 847 2362 .·
858 2326 893 2364 eet
911 2315 943 2363 ed
961 2330 1028 2363 orem
1044 2314 1122 2378 priseo

67 2400 108 2439 tur
124 2403 206 2441 eutem
221 2410 235 2440 e
248 2393 340 2443 nilide
358 2397 530 2446 certeminlhne
542 2398 573 2447 ed
616 2394 757 2442 medicarer
782 2392 1051 2459 omatiueenes,qnod
1062 2390 1120 2439 mel·

68 2471 115 2519 tort
128 2474 307 2524 contentiones.
321 2476 419 2526 scilieet
435 2478 536 2541 petitor,
550 2488 575 2527 et
616 2474 673 2522 lem.
688 2475 772 2523 Geue.

67 2553 110 2599 ise
119 2568 171 2615 quo
179 2553 313 2616 petebatur,
323 2555 389 2603 dicto
396 2555 449 2616 die,
458 2558 484 2604 in
491 2573 575 2621 egi-nm
655 2554 1124 2615 inductosacramento.··Secrementnm

66 2629 201 2693 litigiosum
210 2633 400 2693 conveniebant,
415 2635 574 2699 simulatoque
617 2633 665 2681 litls
685 2649 760 2696 genus
773 2644 837 2691 eret,
855 2631 933 2680 simile
952 2630 1122 2694 sponsionise:

66 2709 197 2769 conflictu,
210 2713 279 2773 quesi
294 2728 339 2775 per
349 2717 396 2760 vim
409 2713 576 2777 expellebatur
616 2713 798 2761 Venena-Et
807 2711 850 2775 qni
860 2710 970 2774 petebat,
981 2721 1005 2757 et
1015 2708 1058 2772 qui
1068 2705 1123 2755 infi-

66 2805 99 2835 ex
111 2804 171 2850 egro
182 2791 273 2851 petitor
283 2807 290 2839 :
300 2791 340 2838 hic
350 2791 437 2839 deinde
449 2792 480 2839 ed
490 2804 575 2857 preto
617 2791 740 2848 elabetur,
751 2791 781 2837 de
792 2791 846 2837 eliis
858 2790 929 2837 rebus
941 2787 1038 2850 utrique
1051 2786 1123 2849 qnin-

67 2883 116 2914 retn
134 2867 271 2932 eppellebet
284 2869 314 2916 de
324 2871 359 2928 vi,
377 2886 405 2917 ec
421 2871 529 2935 petebat,
549 2881 575 2918 nt
617 2880 702 2934 gentos
722 2869 775 2916 eris
794 2868 859 2933 apud
882 2866 1023 2931 pontificem
1048 2864 1124 2928 depo·

66 2945 168 2993 snesihi
183 2949 376 2998 restituerentur.
392 2951 428 2996 De
444 2950 488 2996 hnc
506 2949 574 2997 locu·
617 2946 723 3007 nebant,
746 2946 776 2994 de
792 2946 845 2993 nliis
866 2947 922 2993 item
943 2944 1014 2991 rebus
1032 2954 1124 2991 eertum

66 3023 134 3072 done
144 3025 214 3088 plure
223 3026 329 3083 Gellius,
339 3027 383 3075 lib.
397 3029 460 3085 XX,
471 3044 524 3091 cep.
535 3044 573 3077 io.
617 3042 741 3073 nnmerum
758 3027 855 3074 assium.
869 3027 918 3087 Qui
930 3024 1025 3086 judicio
1044 3033 1123 3070 eutem

68 3106 145 3150 Manu
171 3120 216 3166 pro
234 3121 321 3152 munus
343 3105 433 3153 dicitur
454 3117 574 3169 expuncte
617 3106 718 3166 vicerat,
739 3122 808 3152 sunm
828 3115 1004 3153 eeceementum
1021 3118 1035 3148 e
1055 3117 1124 3148 sucro

67 3198 133 3231 more
143 3184 259 3231 Veterum
269 3200 297 3231 e:
307 3195 442 3231 consertum
452 3185 477 3232 in
487 3185 575 3248 supino
617 3184 752 3241 auferebat,
767 3185 823 3231 victi
837 3184 868 3230 ed
878 3182 987 3230 crurium
1001 3177 1123 3226 redibunt.

66 3277 197 3318 enumero,
205 3262 274 3325 quod
281 3273 315 3310 est
323 3263 454 3310 committo.
463 3264 575 3312 Ceterum
618 3265 796 3310 Sacramentum
811 3262 872 3309 dixit
888 3259 1014 3324 pecuniam
1029 3258 1071 3304 lite
1085 3255 1125 3302 de·

65 3339 139 3400 hujus
150 3341 199 3388 loci
208 3342 326 3389 sententie
340 3352 390 3389 est:
402 3342 474 3389 Multi
486 3354 577 3406 repete·
618 3341 720 3404 positam
729 3341 794 3403 epud
801 3338 950 3404 pontificem.
959 3335 1060 3398 Decepti
1069 3344 1127 3381 eunt

66 3430 159 3466 nntec
177 3420 269 3467 restitui
282 3420 449 3483 postulerent‚
466 3420 575 3469 adhibite
618 3421 661 3482 qui
680 3419 787 3482 legerunt
801 3419 841 3465 hic
862 3417 931 3485 apud
944 3425 1057 3479 pontem,
1076 3428 1127 3460 non

66 3496 169 3545 solemni
174 3499 237 3558 juris
247 3499 363 3560 formula,
374 3516 446 3546 rem
457 3511 479 3547 te
490 3512 574 3549 contre
619 3498 687 3561 apud
701 3497 852 3566 pontoium.
875 3499 962 3543 Sensus
981 3504 1018 3540 est
1035 3493 1125 3556 igitur:

63 3577 104 3636 jue
117 3576 361 3640 lesqueoccupetum.
376 3578 575 3628 Peusr.—Cete·
618 3576 759 3641 Philosophi
781 3575 960 3641 disciplineenm
975 3572 1126 3637 possessione

65 3655 288 3703 rumexindnstrie
301 3656 387 3704 Cicero
397 3659 527 3705 Scaerolem
537 3659 575 3718 ju·
619 3656 721 3717 dejecti,
741 3668 820 3704 tecum
845 3654 974 3703 interdicto
995 3651 1126 3699 contende-

65 3733 238 3781 riseonsnltnrn
256 3733 351 3781 inducit
368 3734 429 3794 juris
449 3734 574 3782 eocehnlie
619 3745 686 3794 tent,
699 3734 902 3797 quemadmodum
922 3733 938 3779 ii
962 3732 1005 3795 qni
1024 3731 1055 3778 eh
1068 3745 1127 3793 egro

65 3824 90 3859 et
99 3813 210 3860 formulis
219 3822 337 3860 utentem.
619 3812 706 3873 dejecti
713 3824 769 3859 sunt
777 3826 783 3859 τ
791 3825 832 3861 eut
840 3812 997 3860 vindiciarum
1006 3811 1073 3858 litem
1082 3809 1128 3856 tihi

102 3909 128 3955 9.
139 3890 480 3957 Agerentenimeecumlege.
491 3889 576 3940 Schiit·
618 3890 785 3951 intenderent,
804 3902 829 3938 et
848 3890 987 3954 disciplines
1006 3904 1060 3936 sues
1080 3887 1127 3934 sihi

66 3972 117 4019 eins
127 3971 191 4019 delet
201 3973 266 4035 Iege,
276 3970 418 4034 auctoritete
428 3970 484 4018 cod.
494 3973 541 4020 Ox.
548 3973 575 4019 B.
620 3979 752 4017 essererent
762 3988 768 4016 ι
777 3981 820 4016 ent
829 3970 882 4028 jure
895 3979 995 4034 possent
1005 3983 1075 4031 egere
1091 3976 1126 4012 te-

105 4064 143 4096 ro.
157 4049 298 4112 Ceterique,
314 4048 339 4095 in
345 4064 390 4096 tuo
396 4064 500 4112 genere,
510 4046 576 4111 pley-
620 4063 688 4101 cnm,
700 4056 724 4094 et
737 4046 846 4110 deponite
858 4047 959 4111 pecunie
972 4044 1127 4093 contendere.

63 4128 116 4178 sici.
135 4127 176 4174 Sic
193 4126 390 4190 interpungendo
402 4126 495 4174 tollitur
511 4124 576 4173 dilli-
620 4125 707 4174 Sreee.
