2676 4786
384 385 446 452 DE
468 384 709 469 ORATORE,
734 383 869 452 LIBER
894 385 927 468 l,
954 406 988 451 a.
1184 403 1218 449 rr

156 530 213 604 per
228 531 296 578 nos
314 530 336 576 a
357 505 545 577 communi
570 501 890 604 poste'depulsi13,
905 507 943 574 iu
959 502 1219 600 nosmetipsos

155 614 413 688 redundarunt.
437 615 505 687 Sed
529 630 651 688 tamen
674 619 713 688 in
734 616 791 688 his
812 616 868 688 vel
884 612 1143 715 'asperitatibus
1162 637 1222 684 re·

152 752 250 815 nim,
279 727 337 799 vel
364 727 537 822 angustiis
562 730 757 826 temporis,
784 724 968 824 obsequar
997 723 1125 796 studiis
1149 747 1218 793 no·

150 838 241 925 stris,
260 850 318 923 et,
341 853 520 932 quantum
544 837 632 909 mihi
658 837 716 910 vel
744 836 842 909 fraus
873 837 1128 922 inimicorum,
1162 833 1218 905 vel
1263 923 1267 931 .

150 971 259 1018 causae
280 948 498 1034 amicorum,
518 948 576 1019 vel
593 946 803 1048 respublica·
820 946 956 1020 tribuet
971 947 1053 1032 otii,
1070 944 1115 1016 ad
1128 945 1216 1059 scri·

147 1056 306 1130 bendum
319 1059 544 1156 potissimum
558 1057 841 1132 conferamTibi
850 1083 950 1146 vero,
962 1056 1083 1142 irater,
1094 1078 1216 1154 neque

146 1166 304 1240 hortanti
332 1168 459 1257 deero,
479 1193 601 1267 neque
620 1173 785 1269 roganti:
808 1194 890 1242 narn
915 1193 1037 1266 neque
1059 1166 1215 1238 auctori·

145 1292 214 1350 tate
236 1283 417 1380 quispiam
439 1279 538 1378 apud
559 1306 617 1353 me
637 1282 719 1381 plus
739 1280 857 1354 ualere
877 1297 914 1353 te
934 1293 1070 1380 potest,
1092 1300 1213 1377 neque

144 1388 342 1463 voluntate.

187 1507 233 1572 ll.
249 1506 302 1573 dc
321 1501 410 1572 mihi
431 1502 629 1599 repetenda
647 1518 700 1575 est
718 1504 851 1575 veteris
867 1501 1056 1603 cujusdam
1076 1521 1213 1570 memo·

142 1615 219 1683 rire¹
238 1638 316 1683 nou
333 1637 420 1684 saue
434 1614 518 1716 satis
532 1614 708 1713 explicata
720 1612 942 1700 recordatio,
960 1610 1043 1698 sed,
1059 1624 1101 1681 ut
1120 1605 1214 1680 arbi·

143 1738 231 1808 trur,
250 1738 335 1823 apta
361 1721 407 1795 ad
434 1722 488 1810 id,
505 1725 614 1822 quod
634 1725 804 1824 requiris,
831 1738 872 1794 ut
895 1733 1109 1820 cognosces,
1130 1744 1212 1819 quse
1305 1823 1310 1836 .

140 1835 201 1905 viri
219 1837 385 1906 omnium
400 1833 688 1932 eloquentissimi
698 1834 959 1933 clarissimique
975 1833 1152 1906 senserint
1163 1829 1212 1902 de

140 1947 238 2015 omni
256 1947 401 2017 ratione
413 1944 568 2033 dicendi.
583 1949 647 2019 Vis
665 1950 784 2033 euim,
806 1961 848 2018 ut
863 1946 951 2017 mihi
965 1970 1058 2043 saepe
1073 1942 1209 2026 dixisti,

140 2061 310 2152 quoniam
341 2080 422 2153 quae
448 2060 608 2152 pueris²,
635 2073 698 2129 aut
727 2055 1006 2129 adolescentulis
1036 2053 1142 2126 nobis
1166 2078 1209 2124 ex
1237 2130 1240 2136 ¹

139 2168 444 2240 commentariolis
453 2167 609 2243 nostris³
624 2168 793 2240 inchoata
805 2193 847 2240 ac
859 2167 962 2239 rudia
975 2166 1209 2251 exciderunt,

138 2280 193 2350 rix
212 2278 303 2352 hac⁴
323 2297 426 2355 aetate
447 2285 574 2380 digna,
599 2293 636 2351 et
660 2277 731 2350 hoc
748 2304 845 2366 usu,
874 2302 985 2375 quem
1007 2302 1052 2350 ex
1074 2277 1208 2362 causis,

138 2483 199 2523 tatur
211 2491 278 2524 auno
292 2477 649 2541 despumationes
731 2488 757 2523 a.
772 2473 895 2538 Quoniam
915 2490 972 2539 quae
986 2474 1079 2539 pneris.
1093 2477 1152 2522 llaec
1171 2483 1208 2522 est

136 2569 198 2601 anno
216 2566 271 2618 post
291 2556 343 2620 ejus
362 2557 478 2617 reditum,
495 2573 571 2622 quum
589 2555 649 2603 Clo·
693 2553 814 2618 scriptura
822 2554 1048 2613 Pall.novem,item
1056 2555 1210 2602 strumen.

136 2631 263 2682 disnomrn
287 2637 370 2685 sumre
394 2649 462 2687 actus
484 2638 510 2686 in
537 2636 648 2685 exsilium
692 2643 718 2680 et
731 2634 760 2682 C.
780 2631 959 2697 confirmatque
978 2634 1055 2682 editio
1069 2635 1207 2698 princeps:

136 2715 253 2763 σαώσαι.
267 2718 363 2766 hinc.
692 2713 838 2761 mendosum
851 2714 916 2762 istud
930 2714 994 2763 dlxit
1009 2714 1150 2773 Lambinus,
1163 2710 1207 2759 sed

172 2795 211 2840 13.
223 2798 247 2841 A
253 2799 378 2845 communi
381 2809 450 2864 peste
461 2799 563 2863 depulsi.
576 2798 647 2847 lleud
691 2792 754 2840 bene
772 2793 841 2858 quod
861 2810 957 2841 causam
976 2795 1068 2842 nullam
1086 2792 1207 2850 reddidit,

133 2870 200 2919 aliter
213 2874 276 2921 Pall.
292 2892 390 2935 omues;
409 2894 460 2925 non
476 2877 550 2925 rideo
565 2889 646 2926 tamen
691 2883 822 2920 contentus
841 2875 911 2936 sequi
925 2875 1078 2932 victorium,
1098 2873 1142 2937 qui
1164 2887 1207 2936 pu·

134 2953 191 3014 quid
205 2953 251 3000 sibi
267 2955 327 3002 velit
343 2957 490 3005 vocabulum
501 2969 588 3022 peste:
603 2974 647 3005 ns·
690 2951 805 3000 blicavit:
817 2975 829 2994 κ
839 2953 951 3016 quad-'tm
962 2954 1044 3018 pueris
1052 2975 1072 3002 e.
1084 2955 1203 3000 Geum·

133 3032 183 3078 scio
197 3048 228 3079 sn
244 3035 413 3097 reponendum
425 3048 528 3101 pectore
536 3037 646 3101 depulsi,
690 3031 813 3078 -Verbe
834 3033 972 3095 «quoniam
993 3049 1048 3096 qure
1071 3033 1153 3097 pueris

132 3121 173 3157 sut
193 3112 272 3160 simile
297 3115 367 3178 qnid.
391 3116 439 3164 Sed
461 3117 543 3180 potins
566 3126 646 3164 torum
690 3111 835 3174 consequuti
853 3127 959 3158 sumus»
975 3113 1044 3175 qnasi
1065 3113 1206 3175 parenthesi

133 3190 303 3240 eradicandum
309 3206 356 3253 est,
365 3207 392 3243 ut
400 3195 498 3244 volebat
506 3196 645 3249 Lambinus.
689 3191 782 3238 inclusa
794 3190 950 3255 inlelligwdfl
959 3203 1032 3250 ⁸⁰⁰⁸,
1044 3204 1071 3240 ¹¹2
1081 3201 1161 3256 Pfllffli
1171 3192 1205 3240 list

132 3269 215 3319 (tm,
234 3300 269 3308 -
289 3275 378 3322 semus
396 3287 448 3335 ρει,
467 3274 498 3323 ,b
515 3276 645 3324 evertenda
689 3270 800 3318 construi
812 3270 1054 3319 deberesententism
1069 3273 1126 3318 «vis
1140 3272 1204 3319 eninr

131 3350 254 3414 reputatio.
270 3353 397 3415 prohibiti,
694 3383 727 3395 ...
742 3349 837 3412 aliquid
845 3351 956 3414 prolerre
963 3372 985 3399 n.
995 3353 1053 3399 Post
1060 3351 1137 3418 digna
1147 3351 1204 3400 sub·

164 3423 197 3470 11.
216 3438 240 3470 1.
253 3424 348 3472 Veteris
363 3425 490 3491 crp'rudam
508 3426 644 3486 memoria,
688 3427 748 3475 audi
760 3440 828 3476 sunt.

130 3509 177 3547 etc.
187 3503 277 3551 Sensus
288 3515 342 3554 est:
355 3518 466 3569 repetere
480 3506 567 3564 debeo,
575 3507 644 3570 quod
724 3509 749 3555 3.
768 3510 808 3555 En
825 3508 1031 3558 commentariolis
1050 3511 1150 3558 nostris.
1161 3511 1204 3558 'Li-

129 3579 188 3627 olim
205 3584 315 3645 cogitare
332 3601 371 3632 me
389 3585 503 3645 memini,
519 3587 562 3634 sed
579 3603 643 3635 non·
687 3587 746 3636 brus
760 3588 792 3636 de
806 3590 955 3638 Inventione
967 3590 1114 3638 subernum
1127 3591 1206 3640 atatis

129 3656 186 3705 dum
197 3663 327 3725 perspicue
340 3664 379 3711 vel
394 3664 446 3729 ipse
456 3665 644 3729 explicari,vel
687 3668 830 3716 vicesimum
852 3669 940 3718 Cicero
960 3671 1105 3734 scripserat,
1130 3672 1204 3720 rudes

129 3737 158 3785 ab
169 3739 224 3788 aliis
238 3742 389 3806 explicatum
400 3746 494 3808 reperi;
510 3762 567 3793 narn
583 3761 644 3810 pro·
687 3758 711 3794 et
721 3748 862 3812 impolitos,
880 3751 900 3796 si
918 3766 973 3797 cunr
988 3750 1026 3798 his
1038 3752 1204 3800 conferantur.

129 3814 190 3866 derit
200 3820 232 3867 sd
245 3822 419 3885 explicandum
433 3823 469 3882 id,
478 3825 548 3888 qnod
562 3825 643 3889 requi·
687 3827 764 3873 Porro
774 3829 974 3884 commentarius,
983 3828 1118 3877 liberestin
1130 3846 1202 3893 quem

129 3896 643 3968 risssss.-Verbarronsatiseoeplicuta
690 3905 816 3953 referimus
834 3906 928 3970 aliquid
951 3906 1056 3955 breviter
1081 3909 1204 3957 memoria

129 3990 173 4024 rec.
184 3976 211 4026 J.
221 3978 253 4026 V.
269 3980 296 4026 t..
310 3982 337 4027 in
356 3979 466 4029 editions
485 3983 557 4031 restit
576 3984 644 4047 galli·
690 3998 769 4032 ceusa.
783 3987 876 4032 Psusr.

128 4069 170 4101 cus
183 4055 285 4121 interpr.
299 4074 332 4106 un
348 4059 461 4108 sorevenir
476 4077 509 4109 un
523 4079 571 4127 pen
585 4080 645 4111 eon·
726 4074 751 4121 t.
765 4062 814 4110 Vix
825 4063 873 4112 lise
888 4076 962 4112 (etate
971 4066 1060 4131 tir'gna.
1074 4065 1203 4115 Schiitsins

126 4131 176 4195 sus,
185 4145 216 4202 ¹st
227 4137 268 4184 hic
278 4153 350 4186 verus
360 4155 413 4188 esse
424 4155 508 4189 sensus
520 4141 625 4190 ridetur.
689 4143 748 4193 det:
764 4144 823 4192 -rix
832 4144 877 4192 heu
889 4145 938 4194 sint
950 4155 1021 4194 etate
1031 4145 1104 4210 digna
1116 4153 1137 4193 ι’.
