2676 4786
335 390 397 459 un
421 390 652 475 omronn,
679 374 812 458 utrm
836 390 870 471 1,
898 413 948 457 η.
1128 391 1173 463 33

143 510 338 603 ontionem,
364 525 400 581 et
416 525 599 598 ornatam,
615 526 651 582 et
667 508 818 582 artificio
837 508 996 607 quodam
1014 526 1051 582 et
1066 537 1175 612 expo·
1248 582 1250 587 .

135 612 244 693 ,litione
261 621 476 693 distinctam.
490 626 572 692 Haec
588 636 709 693 autern
729 621 864 707 oratio,
882 624 911 690 si
932 645 987 691 res
1006 648 1081 693 non
1098 624 1177 695 sub

145 742 187 800 et
204 733 244 804 ab
265 748 408 803 oratore
427 747 594 829 percepta
616 747 653 803 et
670 734 829 828 cognita,
848 747 912 802 aut
934 732 1032 802 nulia
1053 735 1098 804 sit
1116 760 1178 805 ne·

144 858 220 913 cesse
231 859 299 930 est,
314 858 377 913 aut
390 844 554 915 omnium
568 843 731 912 irrisione
741 840 894 912 ludatur.
909 842 1004 931 Quid
1016 858 1070 914 est
1083 847 1177 915 enim

143 958 197 1021 tam
208 950 404 1039 furiosum,
416 976 525 1049 quam
541 949 751 1034 verborum,
766 950 823 1020 vel
833 952 1055 1048 optimorum
1070 969 1179 1050 atque

140 1063 448 1149 ornatissimorum,
475 1065 614 1132 sonitus
643 1062 774 1148 inanis,
801 1061 898 1131 nulla
920 1060 1080 1158 subjecta
1103 1088 1182 1135 sen·

140 1175 246 1257 tentia,
267 1196 334 1242 nec
350 1173 517 1243 scientia?
534 1169 721 1269 Quidquid
738 1175 805 1241 erit
827 1174 936 1268 igitur
952 1197 1182 1271 quacumque

136 1298 266 1371 exarte,
282 1306 516 1379 quocumque
529 1280 574 1352 de
584 1306 715 1379 genere
724 1335 733 1367 ,
743 1280 780 1351 id
790 1297 912 1353 orator
923 1294 951 1370 ²,
960 1285 989 1353 si
1001 1298 1184 1381 tamquam

135 1389 261 1462 clientis
288 1416 452 1477 causam,
476 1389 662 1479 didicerit,
686 1390 780 1462 dicet
802 1393 929 1463 melius
949 1409 985 1464 et
1003 1394 1185 1480 ornatius,

132 1490 230 1596 quam
249 1500 312 1572 iile
327 1504 404 1597 ipse
422 1504 499 1597 ejus
517 1503 571 1571 rei
588 1505 757 1572 inventor
774 1517 883 1598 atque
899 1501 1036 1574 artifex.

171 1615 261 1682 Nam
282 1616 312 1681 si
329 1616 409 1707 quis
425 1615 510 1697 erit,
531 1613 593 1708 qui
608 1611 679 1681 hoc
693 1610 807 1697 dicat,
827 1635 903 1681 esse
923 1608 1094 1708 quasdam
1109 1635 1187 1681 ora·

131 1733 243 1791 torum
265 1725 429 1818 proprias
443 1722 638 1793 sententias
659 1736 768 1816 atque
791 1744 933 1804 causas,
957 1736 991 1791 et
1008 1735 1188 1792 certarum

129 1852 245 1899 rerum
260 1827 466 1901 forensibus
478 1830 645 1902 cancellis
661 1832 968 1928 circumscriptam
980 1831 1188 1902 scientiam:

129 1938 267 2011 fatebor
290 1939 461 2036 equidem
489 1946 527 2011 in
555 1941 612 2011 his
639 1944 751 2038 magis
773 1940 914 2012 assidue
942 1943 1073 2012 versari
1096 1937 1191 2013 hanc

128 2064 285 2120 nostram
304 2048 521 2137 dictionem;
542 2050 604 2120 sed
621 2063 741 2120 tamen
758 2051 796 2120 in
811 2050 866 2120 his
882 2052 967 2148 ipsis
983 2050 1092 2122 rebus
1111 2073 1190 2149 per·

128 2159 239 2230 multa
258 2174 361 2247 sunt,
377 2186 457 2257 quae
470 2163 529 2232 isti
543 2162 720 2258 magistri,
739 2163 803 2259 qui
821 2162 990 2235 rhetorici
1003 2175 1192 2251 vocantur,

128 2290 194 2339 nec
205 2268 376 2358 tradunt,
400 2295 467 2342 nec
479 2287 616 2342 tenent.
630 2273 720 2362 Quis
736 2272 832 2341 enim
851 2274 982 2359 nescit,
1000 2275 1194 2345 maximam

128 2381 200 2448 rim
223 2382 395 2451 exsistere
419 2381 573 2452 oratoris
596 2384 633 2450 in
654 2379 846 2450 hominurn
868 2381 1052 2453 mentibus
1075 2380 1132 2451 vel
1148 2376 1192 2451 ad

127 2488 235 2574 iram,
248 2503 311 2559 aut
324 2488 368 2560 ad
382 2489 525 2576 odium,
541 2488 659 2560 autad
674 2489 836 2560 dolorem
854 2491 1060 2575 incitandis,
1075 2489 1130 2559 vet
1148 2486 1195 2559 ab

129 2597 226 2669 bisce
247 2599 372 2669 iisdem
392 2598 682 2697 permotionibus
710 2600 754 2670 ad
782 2601 965 2671 lenitatem
992 2603 1195 2671 misericor·

130 2706 301 2804 diamque
320 2710 551 2781 revocandis?
570 2704 725 2798 Quare3,
744 2711 812 2778 nisi
835 2712 899 2805 qui
919 2725 1062 2779 naturas
1080 2708 1196 2778 homi·

132 2843 238 2903 num,
252 2821 399 2916 vimque
409 2846 555 2891 omnem
567 2821 816 2906 humanitatis,
828 2844 1024 2916 causasque
1039 2844 1111 2905 eas,
1124 2820 1198 2917 qui·

131 2928 200 2998 bus
219 2944 359 3001 mentes
384 2946 446 3001 aut
469 2934 678 3015 incitantur,
705 2944 767 3027 apt
784 2928 1034 3014 reflectuntur,
1055 2931 1199 3027 penitus

133 3039 374 3134 perspexerit,
390 3039 562 3120 diceudo,
577 3037 677 3135 quod
690 3016 805 3125 voflt,
821 3038 993 3136 perficere
1010 3065 1085 3111 non
1098 3052 1198 3136 pote·

132 3148 189 3215 rit.
210 3148 320 3242 Atqui
350 3162 446 3220 totus
472 3149 533 3219 hic
558 3149 659 3219 locus
681 3146 985 3245 philosophorum
1008 3148 1199 3244 proprius⁴

134 3292 202 3336 tione
208 3289 274 3336 edidi
281 3306 328 3355 pro
334 3288 454 3355 asserant,
464 3292 532 3356 quod
539 3299 576 3341 est
585 3309 644 3339 con·
688 3293 726 3339 nis
733 3291 906 3339 consuetudini
912 3292 987 3353 magis
995 3290 1125 3345 consentit.
1137 3291 1202 3339 Eas.

135 3380 171 3416 tra
186 3368 338 3416 latinitatem.
348 3370 390 3418 stc
403 3369 429 3417 in
439 3370 596 3434 sequentibus
609 3381 645 3417 est
725 3371 751 3416 3.
766 3372 859 3432 Quare,
873 3369 919 3415 nisi
929 3368 978 3433 qni.
989 3369 1068 3423 Olim.
1077 3384 1146 3432 quoe,
1155 3368 1207 3418 nisi

134 3447 271 3510 aliquoties.
288 3448 408 3496 Librarius
422 3449 519 3513 decepit
532 3465 646 3514 compen·
692 3465 719 3510 q.
731 3448 861 3494 Lambinus
874 3448 981 3495 correxit
996 3464 1085 3511 quare,
1096 3446 1165 3506 bene,
1175 3459 1205 3497 ut

136 3524 211 3572 diaria
224 3527 356 3590 scriptura,
371 3529 448 3592 qualis
462 3529 534 3576 estin
553 3531 598 3576 MS
616 3529 646 3575 E.
693 3526 805 3574 arbitror.
817 3525 879 3574 Nam
893 3529 918 3573 in
930 3526 1121 3589 vulgantium,
1138 3529 1206 3593 qaod

136 3603 200 3651 Edd.
210 3621 249 3668 pr.
261 3604 302 3652 hic
312 3606 517 3656 raldeflnctuant.
529 3606 592 3655 Nam
606 3605 646 3655 ed.
693 3606 772 3662 volet,
788 3606 869 3653 locum
884 3621 934 3652 non
945 3605 1056 3662 haberet,
1073 3605 1117 3652 sed
1130 3605 1205 3656 debe·

136 3698 158 3729 s.
171 3682 188 3731 l.
201 3692 225 3730 et
238 3699 262 3731 a.
279 3685 314 3731 sie
328 3685 419 3733 lubet:
435 3685 527 3749 «quod
545 3685 563 3731 ii
583 3700 607 3747 q.
624 3682 649 3730 b.
695 3695 732 3732 ret
744 3700 795 3732 esse
807 3700 836 3731 ea
850 3684 952 3732 dicendo
966 3683 1027 3749 μαψ
1040 3687 1207 3747 η.ρ.,νίῑίιιω

138 3761 237 3819 dicunt,
250 3761 375 3826 propriam
389 3765 548 3829 compositam
561 3764 652 3810 oratio·
696 3775 776 3812 ortum
791 3774 827 3810 est
848 3779 892 3819 eo,
912 3763 980 3826 quod
1001 3764 1026 3808 in
1045 3765 1107 3813 MSS
1129 3779 1207 3833 quaro

138 3855 207 3886 nem.
216 3838 383 3890 ..distinctam
392 3843 501 3892 hebent»
513 3858 519 3892 ι
534 3842 602 3906 quod
616 3857 653 3888 se·
696 3858 760 3905 saepe
770 3841 883 3889 scribitur
898 3856 966 3904 quoe,
976 3853 1002 3888 nt
1011 3841 1082 3899 infra,
1091 3857 1146 3904 cap.
1162 3842 1205 3899 ³8,

141 3929 253 3980 quantur
264 3918 333 3967 stet.
348 3924 407 3970 Asc.
421 3922 487 3985 Lips.
500 3923 564 3969 Est«.
698 3921 725 3967 in
740 3920 785 3965 Ms
802 3921 830 3967 E.
847 3922 877 3966 In
892 3919 950 3966 edd.
972 3935 1010 3981 pr.
1026 3919 1075 3965 fere
1095 3928 1131 3965 est
1149 3936 1207 3982 que.

177 4013 201 4043 a.
221 3997 254 4043 Id
271 4010 369 4057 orator,
391 3999 414 4045 si
431 4010 569 4062 tamqnam.
590 3997 652 4045 Edd.
699 4000 808 4045 Essusr.

141 4093 178 4140 pr.
192 4077 318 4135 orator,sr’
329 4077 363 4127 t'd.
377 4080 423 4128 MS
440 4079 470 4126 Ε.
485 4087 570 4124 orator
583 4075 612 4122 id
623 4075 653 4123 si.
736 4083 760 4130 t.
775 4073 972 4137 Philosophorum
983 4076 1095 4138 proprius
1105 4075 1211 4122 videtur.

139 4155 275 4221 Vulgsmm
288 4167 325 4205 est
337 4158 369 4205 ab
379 4157 461 4215 Atto,
474 4158 550 4220 idque
560 4155 656 4203 Cicero·
702 4152 774 4200 Haud
787 4152 856 4199 iliter
867 4151 925 4198 olim
940 4153 991 4199 cusi
1005 4169 1032 4198 ne
1046 4152 1108 4198 MSS
1122 4152 1215 4210 nostri,

218 4249 263 4316 11,
280 4259 486 4327 cepmprrm.
1061 4240 1081 4309 3
