2624 5294
136 123 178 189 32
476 120 521 181 M.
549 119 585 181 'tl
615 116 850 182 CICERONIS

132 246 189 308 Siu
212 240 359 306 oratoris
390 235 477 302 nihil
506 238 553 301 ris
584 261 674 319 esse,
704 237 768 302 uisi
797 237 1010 328 conposite,
1039 252 1164 304 ornate

133 351 275 445 copiose
296 347 440 439 eloqui:
464 370 602 439 qiurro,
630 346 663 413 id
688 347 803 439 ipsum
831 347 891 438 qui
915 346 1027 438 possit
1048 360 1220 440 assequi

131 459 208 527 sine
232 481 273 526 ea
293 454 456 538 scientia,
485 477 594 549 quam
611 455 644 524 ei
663 478 738 523 non
758 448 1017 523 conceditisffi?
1037 456 1214 532 Dicendi·

131 567 226 637 enim
245 564 375 651 virtus,
402 563 470 632 nisi
489 563 543 648 ei,
563 563 627 658 qui
647 561 751 647 dicit,
772 585 831 651 ea,
856 559 902 631 de
924 560 1059 657 quibus
1081 560 1205 655 dicit,

131 686 300 771 percepta
325 673 412 758 sint,
441 683 579 741 exstare
606 695 680 740 non
708 684 837 766 potest.
868 668 1134 759 Quamobrem,
1165 678 1199 747 α’

134 796 258 852 ornate
273 781 446 877 loquutus
459 793 530 865 est,
541 781 634 850 sicut
650 777 776 865 sertur,
789 794 825 849 et
841 778 930 848 mihi
941 779 1096 869 videtur,
1106 778 1193 881 phy

134 893 228 963 sicus
250 889 310 960 ille
328 888 556 959 Democritus
576 914 584 956 ε
606 891 772 958 materies
794 886 852 958 illa
876 884 943 957 suit
967 887 1124 985 physici,
1143 888 1188 961 de
1214 964 1220 971 ,

134 1023 206 1096 qua
223 997 331 1084 dixit3
357 1010 506 1068 ornatus
521 1021 607 1067 vero
625 998 703 1094 ipse
720 995 931 1084 verborum,
954 998 1107 1069 oratoris
1120 1022 1182 1095 pu·

134 1107 264 1179 tandus
282 1121 345 1177 est.
368 1110 426 1190 Et,
454 1108 484 1178 si
503 1104 601 1176 Plato
622 1104 666 1176 de
689 1105 798 1177 rebus
816 1130 836 1175 a
855 1106 1019 1177 civilibus
1045 1121 1183 1179 conum
1218 1150 1220 1155 ·

133 1218 253 1303 versiis
271 1216 515 1303 remotissimis
532 1214 703 1287 divinitus
722 1231 775 1287 est
795 1214 988 1312 loquutus,
1004 1216 1103 1315 quod
1117 1238 1179 1313 'ego

48 1418 52 1425 .
133 1326 311 1415 conced03
330 1328 359 1398 si
376 1326 461 1397 item
478 1325 703 1412 Aristoteles,
723 1329 751 1395 sl
767 1323 1050 1423 Theophrastus,
1067 1329 1182 1397 sister*

132 1436 265 1509 neades
275 1439 313 1507 in
324 1434 433 1507 rebus
442 1436 501 1521 iis,
516 1433 561 1505 de
573 1434 707 1532 quibus
721 1433 1014 1532 disputaverunt,
1026 1435 1184 1533 eloqueu·
1216 1462 1220 1471 ·

134 1561 204 1634 tes,
227 1560 263 1618 et
284 1547 322 1616 in
343 1543 497 1617 diceudo
512 1568 654 1631 suaves,
667 1559 777 1641 atque
791 1547 908 1614 ornati
926 1542 1076 1616 suerunt
1095 1572 1103 1615 ε
1119 1544 1197 1615 sint

133 1653 195 1725 hae·
204 1678 279 1740 res,
300 1653 345 1724 de
364 1652 498 1750 quibus
514 1651 718 1751 disputant,
736 1655 774 1724 in
791 1652 867 1723 aliis
882 1653 1097 1750 quibusdam
1111 1666 1184 1725 stu·

134 1763 220 1850 diis;
243 1764 358 1833 oratio
381 1761 528 1859 quidem
548 1763 623 1859 ipsa
647 1763 792 1862 propria
815 1777 869 1834 est
886 1763 993 1858 hujus
1011 1764 1117 1834 unius
1130 1784 1188 1833 rt·

133 1876 258 1955 tionis,
284 1871 329 1944 de
350 1897 423 1969 qua
443 1871 626 1968 loquimur
648 1887 682 1943 et
704 1873 907 1970 quaerimus.
934 1872 1074 1977 Etepim
1092 1870 1190 1944 vide·

134 2007 234 2070 mus,
251 1983 376 2054 iisdem
397 1983 442 2053 de
465 1981 574 2053 rebus
591 1983 714 2079 jejune
736 1981 913 2080 quosdam
931 1997 968 2053 et
983 1982 1131 2068 exiliter,
1145 1986 1196 2061 ut

134 2118 235 2182 eum,
249 2117 356 2190 quem
376 2082 619 2163 sicutissimum
633 2090 773 2180 lerunt,
793 2092 1056 2189 Chrysippum,
1072 2090 1199 2197 dispu-

135 2203 280 2290 lavisse,
303 2225 422 2299 neque
441 2200 491 2273 ob
510 2226 587 2272 eam
607 2226 682 2273 rem
704 2201 939 2300 philosophice
957 2226 1033 2272 uon
1054 2196 1198 2273 satisfe-

137 2311 250 2400 cisse,
278 2311 375 2408 quod
409 2337 482 2383 non
515 2310 723 2382 habuerit¹⁷
755 2310 849 2382 hanc
876 2309 1019 2382 dicendi
1045 2310 1082 2381 iu
1112 2322 1197 2381 mre

136 2417 296 2493 atiena¹⁸
322 2419 540 2492 facultatem.

182 2533 364 2629 x11.(x11.)
383 2533 480 2625 Quid
494 2557 579 2629 ergo
596 2535 765 2604 interest?
783 2547 843 2603 aut
860 2536 924 2631 qui
938 2533 1120 2605 discernes
1131 2556 1202 2605 eo·

134 2665 230 2726 rum,
246 2665 339 2737 quos
352 2643 556 2727 nominavi,
575 2641 776 2712 ubertatem
788 2645 825 2712 in
838 2640 992 2714 dicendo
1005 2658 1040 2714 et
1050 2641 1197 2740 copiam

133 2749 179 2821 ab
197 2773 322 2820 eorum
342 2751 515 2835 exilitate,
535 2753 597 2845 qui
620 2749 685 2822 hac
704 2750 847 2822 dicendi
869 2753 1037 2822 varietate
1061 2765 1098 2821 et
1117 2750 1194 2823 ele·

61 2887 64 2893 ·
131 2861 250 2958 gantis
279 2882 353 2929 non
380 2859 556 2929 utuntur?
579 2864 699 2930 Unum
730 2861 796 2931 erit
821 2859 1000 2958 prosectu,
1029 2858 1133 2957 quod
1148 2858 1191 2941 ii,

132 2973 196 3065 qui
223 2966 487 3077 benedicunt,
514 2966 688 3039 afferant¹
714 2972 922 3066 proprium,
955 2971 1188 3067 compositam

133 3151 187 3199 que
200 3136 310 3184 merim
328 3146 385 3183 suut
401 3135 512 3183 utilitatis
529 3135 639 3183 maximi·
682 3134 728 3182 ulia
739 3134 834 3185 derunt.
847 3136 932 3198 ltrque
944 3135 1086 3197 conjectum
1092 3136 1187 3186 Web-
1211 3156 1220 3195 ι

134 3228 181 3275 que
192 3214 316 3262 momenti.
682 3213 871 3274 ri,lrabuerr'ue,
881 3230 954 3277 quarn
964 3212 1053 3278 probat
1067 3216 1187 3287 Purdq,
1215 3216 1220 3259 ἱ

171 3292 211 3339 16.
233 3295 313 3355 Quam
330 3291 354 3339 ei
371 3307 420 3338 uon
440 3291 578 3340 conceditr'r.
599 3293 640 3338 Sic
684 3295 778 3358 elegans
790 3294 832 3341 itt·
850 3294 949 3357 quidem
963 3304 1016 3353 est,
1026 3293 1071 3343 red
1084 3310 1139 3344 nm
1148 3310 1189 3343 Ι·
1216 3300 1220 3333 5

134 3366 192 3415 ΔΜ.
201 3369 294 3418 Victor.
304 3369 369 3417 ottv.
380 3381 403 3417 et
414 3381 461 3418 tres
471 3370 546 3422 codd.
558 3371 639 3420 Guels.
684 3373 792 3421 escuris.
801 3374 864 3420 Eu.
1119 3418 1130 3431 ,

132 3446 207 3511 idque
216 3447 277 3494 bene
289 3447 396 3496 defendit
403 3451 640 3512 Heusingerufflcrr.
722 3452 762 3499 1⁸.
776 3453 806 3498 Iu
820 3462 874 3498 arte
886 3448 1002 3513 alienas.
1022 3450 1065 3499 ste
1076 3450 1191 3505 (Μὴ.

134 3551 169 3561 -
178 3525 271 3572 Emert.
282 3543 313 3572 ex
324 3526 377 3574 edd.
393 3544 431 3592 pr.
442 3529 563 3576 conredr'r.
682 3546 714 3578 ex
726 3529 856 3577 Gellirruir
866 3543 874 3578 t
885 3544 940 3576 urm
953 3526 1010 3575 Pell.
1024 3540 1068 3577 tut
1077 3550 1091 3573 ι
1098 3546 1132 3579 ex
1143 3542 1195 3583 m

172 3604 344 3666 17.Qu0duou
352 3604 469 3656 habuerit.
477 3607 639 3656 Referendum
682 3608 786 3668 alienam,
796 3608 813 3655 f.
822 3630 836 3649 ι
852 3606 979 3671 quomodo
992 3605 1052 3654 oltra
1064 3606 1142 3669 autu,
1153 3620 1194 3659 nt

134 3692 169 3728 est
182 3681 212 3731 nd
225 3699 301 3730 unum
314 3687 452 3747 proximum
461 3686 640 3750 Chrysippum
688 3708 699 3729 ι
711 3686 737 3733 iu
750 3697 800 3733 erte
810 3686 910 3735 alienum
922 3686 958 3736 l.-
970 3684 1194 3741 Garum-Subi&

135 3760 180 3807 etsi
187 3760 282 3809 idemet
289 3761 320 3809 nd
329 3766 525 3827 superioremque
535 3780 639 3824 sensum,
685 3764 726 3812 utut
735 3782 768 3813 ex
778 3777 832 3814 arte
842 3782 898 3813 cum
908 3764 990 3814 Grau.
1002 3779 1033 3823 ι,
1044 3762 1070 3815 3.

135 3838 239 3900 pertinet
257 3860 263 3887 :
282 3856 326 3889 uec
339 3840 410 3900 liujus
424 3844 517 3906 generis
530 3842 639 3906 exempla
719 3845 777 3893 111.
799 3861 819 3893 ι.
836 3841 961 3909 Alsum.
975 3843 1016 3894 §le
1032 3844 1087 3894 sim
1098 3842 1196 3895 11υύ-
