2624 5294
360 384 422 451 on
447 384 838 469 carmennum
863 390 898 466 1,
924 410 980 457 20.
1149 396 1195 490 49

115 528 117 541 ¹
183 525 273 599 open,
290 505 467 576 neminem
480 507 690 603 scriptorem
708 510 792 578 artis
810 533 855 581 ue
875 510 1102 585 mediocriter
1115 519 1193 613 qui·

114 634 120 641 ·
180 610 236 683 dem
250 612 414 685 disertum
428 612 538 687 foisse
552 614 710 702 dicebat,
730 642 841 714 quum
857 634 1035 717 repeteret
1051 648 1166 723 usque
1176 653 1197 695 a

114 744 119 767 ¹
177 726 310 807 Corace‘,
328 725 450 796 nescio
469 750 563 821 quo,
578 740 613 796 et
624 727 734 813 Tisia,
753 752 845 823 quos
862 730 945 799 artis
960 730 1054 801 iilius
1070 734 1196 805 inven-

176 845 242 903 turo
258 848 292 905 et
311 836 495 931 principes
523 833 631 905 fuisse
657 850 859 921 constaret3
889 838 1199 935 eloquentissimos

114 971 115 979 ¹
172 958 259 1014 tutem
272 943 456 1029 homines,
476 945 539 1040 qui
558 948 623 1015 ista
640 970 706 1016 nec
723 946 947 1035 didicissent,
964 975 1032 1021 uec
1046 956 1197 1025 omnino

114 1086 117 1094 ·
170 1053 232 1123 scire
247 1053 464 1140 curasseut⁵,
477 1053 757 1126 innumerabiles
770 1057 945 1154 quosdam
963 1061 1194 1134 nominabat:

169 1166 327 1264 inquibus
340 1169 448 1238 ctiam
470 1165 558 1259 (sive
579 1165 639 1237 itte
657 1165 824 1253 irridens,
855 1170 927 1240 sive
946 1171 1046 1266 quod
1065 1174 1113 1243 ita
1130 1197 1195 1270 pu·

114 1292 116 1299 '
168 1289 247 1361 uret,
260 1295 370 1378 atque
385 1283 433 1350 ita
448 1275 636 1370 audisset),
652 1301 709 1347 me
726 1280 762 1347 in
777 1277 838 1349 iilo
854 1303 1006 1351 numero
1017 1277 1046 1368 ⁶,
1059 1283 1122 1379 qui
1136 1282 1196 1353 itta
1272 1310 1279 1323 ·

167 1408 218 1457 non
237 1388 458 1473 didicissem,
486 1401 523 1457 et
548 1400 666 1456 tamen
690 1388 757 1482 (ut
776 1390 851 1483 ipse
872 1388 1035 1485 dicebat)
1056 1415 1197 1489 possem

166 1494 325 1595 dimidiu
346 1496 520 1577 dicendo,
548 1494 765 1593 proferebat.
789 1498 955 1586 Quorum
977 1500 1025 1569 itti
1044 1500 1196 1573 alterum

165 1602 238 1680 boile
249 1608 480 1688 assentiebar,
495 1606 584 1678 nihil
602 1631 660 1677 me
680 1605 865 1691 didicisse;
885 1609 919 1676 in
940 1609 1053 1680 altero
1075 1624 1195 1681 autem

165 1740 203 1790 me
212 1720 307 1791 illudi
321 1719 369 1791 ab
384 1743 440 1803 eo,
455 1716 635 1788 autetiam
650 1721 767 1815 ipsum
782 1741 900 1787 errare
911 1716 1121 1790 arbitrabar.
1134 1725 1196 1789 Ar·

164 1840 309 1903 tenuero
322 1829 479 1927 negabat
494 1851 571 1899 esse
587 1826 713 1908 uliam,
733 1828 801 1897 nisi
815 1852 894 1921 quae
910 1828 1077 1924 coguitis,
1092 1829 1196 1925 peni·

163 1952 264 2037 tosqoe
279 1941 494 2039 perspectis,
506 1952 543 2008 et
556 1937 592 2006 in
607 1961 720 2007 unum
732 1938 866 2006 exitum
882 1936 1143 2034 spectantibus,
1158 1954 1194 2009 et

162 2068 331 2148 numquam
351 2045 561 2121 fallentibus
578 2045 688 2117 rebus
706 2047 962 2117 contineretur.
979 2051 1060 2117 Hac
1074 2063 1193 2118 autem

160 2164 270 2246 onnia,
292 2186 377 2260 quae
391 2172 630 2231 tractarentur
643 2156 688 2227 ab
707 2154 927 2240 oratoribus,
944 2155 1053 2227 dubia
1068 2182 1145 2228 esse
1157 2173 1194 2230 et

159 2268 283 2363 incerta3
307 2297 424 2371 quum
440 2285 476 2342 et
490 2269 697 2340 dicerentur
708 2265 754 2337 ab
767 2268 827 2352 iis,
848 2267 963 2361 quiea
976 2268 1096 2337 omnia
1116 2292 1188 2341 non

159 2378 239 2473 plane
259 2396 449 2463 tenerent,
477 2394 512 2451 et
542 2377 753 2449 audirentur
787 2375 831 2448 ab
860 2377 923 2461 iis,
952 2377 1086 2472 quibus
1115 2403 1189 2450 non

158 2494 277 2565 scientia
291 2507 384 2565 esset
399 2487 592 2574 tradenda,
612 2487 672 2558 sed
689 2489 808 2581 exigui
824 2487 995 2581 temporis
1011 2499 1071 2555 aut
1089 2484 1190 2573 falsa,

157 2616 201 2670 aot
216 2620 311 2675 certe
330 2602 489 2673 obscura
507 2599 640 2695 opinio.
664 2595 760 2686 Quid
779 2594 914 2665 murita?
931 2595 981 2665 sic
1003 2595 1090 2665 mibi
1112 2612 1189 2666 tum

156 2712 349 2803 persuadere
372 2708 577 2790 videbatur,
609 2733 729 2804 neque
751 2703 943 2776 'artificium
974 2705 1086 2775 ullum
1112 2731 1189 2777 esse

156 2812 289 2905 dicendi,
310 2846 432 2918 neque
451 2841 669 2916 quemquam
689 2841 813 2914 posse,
833 2816 917 2899 nisi,
937 2816 999 2909 qui
1020 2813 1095 2898 illa,
1108 2839 1189 2909 quac

154 2929 392 3003 tdoctissimis
419 2927 627 3001 hominibus
655 2914 691 2997 in
720 2924 948 3025 philosophia
972 2920 1189 3009 dicerentur,

153 3058 339 3137 cognosset,
364 3054 427 3110 aut
451 3036 577 3110 caiiide
601 3051 661 3107 aut
679 3039 825 3133 copiose
844 3035 972 3105 dicere.
996 3038 1036 3102 ln
1060 3032 1191 3129 quibus

151 3145 248 3224 dicere
260 3149 504 3225 Charmadas?
519 3145 671 3234 solebat,
693 3148 875 3243 ingenium
899 3155 1022 3226 tuum,
1047 3144 1189 3221 Crasse,

172 3322 193 3371 t.
203 3315 332 3363 sm..
344 3311 426 3360 rista.
441 3313 479 3359 ne
492 3309 529 3356 tu·
542 3308 638 3356 duobus
681 3306 724 3354 ned
739 3305 799 3352 male
808 3312 920 3367 putasset
933 3299 999 3347 dedit
1013 3314 1059 3361 pro
1068 3308 1187 3360 putaret:

146 3388 277 3451 hnuto,
295 3409 344 3441 nec
359 3407 415 3439 non
427 3388 514 3437 cecedi
531 3387 572 3451 qui
583 3396 638 3450 post
682 3386 784 3431 refertur
797 3382 861 3429 enin
879 3378 910 3426 nd
930 3378 992 3424 iilud
1014 3389 1124 3440 tenpus,
1139 3392 1189 3441 qno

145 3466 180 3518 bn
188 3474 213 3521 in
223 3473 320 3522 uncia
329 3471 483 3524 munt,
495 3467 550 3515 ride
562 3483 585 3513 c.
597 3466 639 3522 tt,
681 3463 726 3509 ista
738 3461 809 3507 dixit.
821 3459 886 3505 En.
896 3483 928 3493 -
935 3454 1062 3504 Scb'ntzius
1071 3455 1112 3503 det
1120 3471 1190 3505 reuse

146 3547 434 3617 Ῑηιμίλωάωὺ.
444 3572 479 3583 ·-
488 3546 525 3592 De
533 3545 583 3607 ipat
594 3547 643 3592 nu-
685 3557 741 3589 cmn
754 3536 810 3586 edd.
822 3546 881 3583 vett.
894 3546 919 3582 et
932 3534 987 3582 cod.
998 3534 1078 3582 Gncii.
1096 3551 1120 3581 1.

142 3628 191 3675 uti
200 3628 372 3694 disputatione
382 3624 442 3672 ride
450 3625 537 3686 Quint.
547 3624 587 3683 11,
601 3638 641 3682 ¹7·
721 3621 746 3666 6.
760 3622 790 3665 lor
800 3616 843 3663 illo
853 3630 962 3663 numero.
976 3614 1021 3660 His
1030 3614 1056 3661 in
1066 3613 1145 3661 verbis
1153 3625 1190 3663 ot

139 3702 242 3757 &neu
261 3720 287 3757 et
306 3707 404 3756 Tisian
420 3703 593 3762 iden,11,1‚
611 3702 639 3759 8,
685 3692 992 3764 nmia¹1i2‚namidem
1006 3702 1057 3750 est,
1072 3694 1187 3757 «inqui-

140 3787 236 3835 nim
250 3788 318 3834 inter
329 3801 378 3833 eos
395 3781 441 3845 qui
458 3783 529 3845 primi
548 3780 577 3828 de
594 3790 642 3827 arte
685 3778 731 3825 bns
743 3776 814 3822 etiam
824 3787 849 3819 a:
860 3770 902 3817 scd
919 3780 973 3832 pou
987 3770 1142 3833 parenthesin
1153 3771 1189 3818 ni-

137 3858 224 3913 hili
235 3864 407 3914 tradiderunt.
685 3855 722 3903 hil
731 3854 783 3900 sitii
794 3850 876 3899 babet.
888 3849 951 3895 Eu.
959 3874 993 3883 -
1001 3847 1129 3896 &aarum
1137 3848 1189 3896 bac

165 3943 264 3991 &Scin
273 3935 508 4000 mmssnlgu
520 3936 603 3995 scisse,
614 3952 644 3985 ex
688 3933 759 3982 rerba
773 3927 905 3993 expunxit,
918 3936 945 3972 nt
956 3925 1083 3989 ptosntmi
1100 3926 1212 3977 debita..

134 4016 490 4085 mim-pnicum,
498 4015 640 4077 erianups.
725 4030 748 4073 7,
759 4012 789 4056 Ιι
800 4005 885 4071 quibat
891 4003 972 4051 licere
980 4003 1141 4053 “amadan
1150 4006 1191 4052 st·

133 4095 192 4143 x'ne.
209 4098 277 4145 lm
295 4111 360 4160 cp
378 4092 487 4141 nstituit
512 4094 643 4141 tarem:
688 4080 1193 4147 cardinenstmajtectqmutque

197 4196 245 4262 ss.
273 4206 487 4269 sir-rmus*
1077 4182 1098 4261 d
