<?xml version="1.0" encoding="UTF-8"?>
<!DOCTYPE html PUBLIC "-//W3C//DTD XHTML 1.0 Transitional//EN"
    "http://www.w3.org/TR/xhtml1/DTD/xhtml1-transitional.dtd">
<html xmlns="http://www.w3.org/1999/xhtml" xml:lang="en" lang="en">
 <head>
  <title>
</title>
<meta http-equiv="Content-Type" content="text/html;charset=utf-8" />
  <meta name='ocr-system' content='tesseract 3.04.00' />
  <meta name='ocr-capabilities' content='ocr_page ocr_carea ocr_par ocr_line ocrx_word'/>
</head>
<body>
  <div class='ocr_page' id='page_1' title='image "bibliothecaclas30lemagoog_0057.png"; bbox 0 0 2624 5294; ppageno 0'>
   <div class='ocr_carea' id='block_1_1' title="bbox 212 500 929 586">
    <p class='ocr_par' dir='ltr' id='par_1_1' title="bbox 212 500 929 586">
     <span class='ocr_line' id='line_1_1' title="bbox 212 500 929 586; baseline 0 -18"><span class='ocrx_word' id='word_1_1' title='bbox 212 503 256 586; x_wconf 77' lang='lat' dir='ltr'>ld</span> <span class='ocrx_word' id='word_1_2' title='bbox 552 502 599 570; x_wconf 85' lang='lat' dir='ltr'>M.</span> <span class='ocrx_word' id='word_1_3' title='bbox 626 500 929 574; x_wconf 68' lang='lat' dir='ltr'>retentionis</span> 
     </span>
    </p>
   </div>
   <div class='ocr_carea' id='block_1_2' title="bbox 104 620 1312 3249">
    <p class='ocr_par' dir='ltr' id='par_1_2' title="bbox 213 620 1312 1377">
     <span class='ocr_line' id='line_1_2' title="bbox 215 620 1281 719; baseline 0.001 -27"><span class='ocrx_word' id='word_1_4' title='bbox 215 625 250 692; x_wconf 92' lang='lat' dir='ltr'>in</span> <span class='ocrx_word' id='word_1_5' title='bbox 262 621 367 694; x_wconf 91' lang='lat' dir='ltr'>nobis</span> <span class='ocrx_word' id='word_1_6' title='bbox 377 620 521 694; x_wconf 88' lang='lat' dir='ltr'>videtur</span> <span class='ocrx_word' id='word_1_7' title='bbox 533 645 631 710; x_wconf 87' lang='lat' dir='ltr'>esse,</span> <span class='ocrx_word' id='word_1_8' title='bbox 649 621 781 719; x_wconf 90' lang='lat' dir='ltr'>quibus</span> <span class='ocrx_word' id='word_1_9' title='bbox 795 623 932 693; x_wconf 86' lang='lat' dir='ltr'>etiamsi</span> <span class='ocrx_word' id='word_1_10' title='bbox 948 624 1153 718; x_wconf 82' lang='lat' dir='ltr'>ingenium,</span> <span class='ocrx_word' id='word_1_11' title='bbox 1171 640 1211 696; x_wconf 92' lang='lat' dir='ltr'>ut</span> <span class='ocrx_word' id='word_1_12' title='bbox 1226 638 1281 697; x_wconf 70' lang='lat' dir='ltr'>tu</span> 
     </span>
     <span class='ocr_line' id='line_1_3' title="bbox 214 730 1266 830; baseline 0.003 -28"><span class='ocrx_word' id='word_1_13' title='bbox 214 747 339 830; x_wconf 90' lang='lat' dir='ltr'>putas,</span> <span class='ocrx_word' id='word_1_14' title='bbox 356 756 429 802; x_wconf 91' lang='lat' dir='ltr'>non</span> <span class='ocrx_word' id='word_1_15' title='bbox 444 733 596 803; x_wconf 85' lang='lat' dir='ltr'><strong>maxime</strong></span> <span class='ocrx_word' id='word_1_16' title='bbox 614 730 743 819; x_wconf 83' lang='lat' dir='ltr'>defuit,</span> <span class='ocrx_word' id='word_1_17' title='bbox 760 732 922 803; x_wconf 82' lang='lat' dir='ltr'>doctrina</span> <span class='ocrx_word' id='word_1_18' title='bbox 945 747 1059 820; x_wconf 88' lang='lat' dir='ltr'>certe,</span> <span class='ocrx_word' id='word_1_19' title='bbox 1081 750 1118 805; x_wconf 89' lang='lat' dir='ltr'>et</span> <span class='ocrx_word' id='word_1_20' title='bbox 1136 738 1266 821; x_wconf 80' lang='lat' dir='ltr'>otium,</span> 
     </span>
     <span class='ocr_line' id='line_1_4' title="bbox 214 841 1260 919; baseline 0.003 -7"><span class='ocrx_word' id='word_1_21' title='bbox 214 856 251 912; x_wconf 91' lang='lat' dir='ltr'>et</span> <span class='ocrx_word' id='word_1_22' title='bbox 273 841 419 913; x_wconf 87' lang='lat' dir='ltr'>hercule.</span> <span class='ocrx_word' id='word_1_23' title='bbox 441 842 546 912; x_wconf 88' lang='lat' dir='ltr'>etiam</span> <span class='ocrx_word' id='word_1_24' title='bbox 568 841 726 914; x_wconf 88' lang='lat' dir='ltr'>studium</span> <span class='ocrx_word' id='word_1_25' title='bbox 747 841 834 912; x_wconf 89' lang='lat' dir='ltr'>illud</span> <span class='ocrx_word' id='word_1_26' title='bbox 853 841 1035 913; x_wconf 73' lang='lat' dir='ltr'>discendit</span> <span class='ocrx_word' id='word_1_27' title='bbox 1052 846 1260 919; x_wconf 80' lang='lat' dir='ltr'>acerrimum</span> 
     </span>
     <span class='ocr_line' id='line_1_5' title="bbox 214 948 1256 1050; baseline 0.007 -30"><span class='ocrx_word' id='word_1_28' title='bbox 214 948 327 1022; x_wconf 88' lang='lat' dir='ltr'>defuit</span> <span class='ocrx_word' id='word_1_29' title='bbox 344 979 352 1021; x_wconf 91' lang='lat'><strong>:</strong></span> <span class='ocrx_word' id='word_1_30' title='bbox 367 949 460 1049; x_wconf 47' lang='lat' dir='ltr'>quid,</span> <span class='ocrx_word' id='word_1_31' title='bbox 468 976 609 1037; x_wconf 90' lang='lat' dir='ltr'>censes,</span> <span class='ocrx_word' id='word_1_32' title='bbox 621 953 649 1022; x_wconf 90' lang='lat' dir='ltr'>si</span> <span class='ocrx_word' id='word_1_33' title='bbox 660 951 704 1022; x_wconf 88' lang='lat' dir='ltr'>ad</span> <span class='ocrx_word' id='word_1_34' title='bbox 715 952 865 1046; x_wconf 85' lang='lat' dir='ltr'>alicujus</span> <span class='ocrx_word' id='word_1_35' title='bbox 881 955 1066 1050; x_wconf 82' lang='lat' dir='ltr'>ingenium</span> <span class='ocrx_word' id='word_1_36' title='bbox 1078 954 1256 1049; x_wconf 79' lang='lat' dir='ltr'>vel&#39;majns</span> 
     </span>
     <span class='ocr_line' id='line_1_6' title="bbox 213 1062 1311 1159; baseline 0.002 -28"><span class='ocrx_word' id='word_1_37' title='bbox 213 1062 290 1148; x_wconf 94' lang='lat' dir='ltr'>illa,</span> <span class='ocrx_word' id='word_1_38' title='bbox 311 1087 391 1158; x_wconf 87' lang='lat' dir='ltr'>quae</span> <span class='ocrx_word' id='word_1_39' title='bbox 412 1086 479 1158; x_wconf 90' lang='lat' dir='ltr'>ego</span> <span class='ocrx_word' id='word_1_40' title='bbox 504 1086 579 1132; x_wconf 89' lang='lat' dir='ltr'>non</span> <span class='ocrx_word' id='word_1_41' title='bbox 601 1062 718 1158; x_wconf 88' lang='lat' dir='ltr'>attigi,</span> <span class='ocrx_word' id='word_1_42' title='bbox 738 1065 973 1133; x_wconf 85' lang='lat' dir='ltr'>accesserint?</span> <span class='ocrx_word' id='word_1_43' title='bbox 999 1063 1143 1159; x_wconf 85' lang='lat' dir='ltr'>qualem</span> <span class='ocrx_word' id='word_1_44' title='bbox 1165 1064 1257 1135; x_wconf 83' lang='lat' dir='ltr'>illum</span> <span class='ocrx_word' id='word_1_45' title='bbox 1308 1142 1311 1147; x_wconf 27' lang='lat'>¹</span> 
     </span>
     <span class='ocr_line' id='line_1_7' title="bbox 215 1168 897 1268; baseline 0.003 -27"><span class='ocrx_word' id='word_1_46' title='bbox 215 1188 414 1256; x_wconf 86' lang='lat' dir='ltr'>oratorem,</span> <span class='ocrx_word' id='word_1_47' title='bbox 438 1187 475 1243; x_wconf 89' lang='lat' dir='ltr'>et</span> <span class='ocrx_word' id='word_1_48' title='bbox 491 1187 665 1268; x_wconf 86' lang='lat' dir='ltr'>quantum</span> <span class='ocrx_word' id='word_1_49' title='bbox 688 1168 897 1243; x_wconf 75' lang='lat' dir='ltr'>futurum⁸l</span> 
     </span>
     <span class='ocr_line' id='line_1_8' title="bbox 259 1280 1312 1377; baseline 0.004 -26"><span class='ocrx_word' id='word_1_50' title='bbox 259 1285 388 1351; x_wconf 82' lang='lat' dir='ltr'><strong>XVIII.</strong></span> <span class='ocrx_word' id='word_1_51' title='bbox 406 1280 594 1377; x_wconf 65' lang='lat' dir='ltr'>txv111.)-·</span> <span class='ocrx_word' id='word_1_52' title='bbox 607 1285 698 1351; x_wconf 91' lang='lat' dir='ltr'>Tum</span> <span class='ocrx_word' id='word_1_53' title='bbox 712 1284 889 1353; x_wconf 82' lang='lat' dir='ltr'>Antonius</span> <span class='ocrx_word' id='word_1_54' title='bbox 908 1310 916 1352; x_wconf 72' lang='grc' dir='ltr'><strong>ε</strong></span> <span class='ocrx_word' id='word_1_55' title='bbox 936 1283 1069 1355; x_wconf 83' lang='lat' dir='ltr'>Probas</span> <span class='ocrx_word' id='word_1_56' title='bbox 1086 1284 1195 1372; x_wconf 91' lang='lat' dir='ltr'>mihi,</span> <span class='ocrx_word' id='word_1_57' title='bbox 1216 1286 1263 1355; x_wconf 88' lang='lat' dir='ltr'>in·</span> <span class='ocrx_word' id='word_1_58' title='bbox 1310 1307 1312 1314; x_wconf 76' lang='grc'>’</span> 
     </span>
    </p>

    <p class='ocr_par' dir='ltr' id='par_1_3' title="bbox 211 1378 1310 2477">
     <span class='ocr_line' id='line_1_9' title="bbox 213 1378 1307 1490; baseline 0.002 -29"><span class='ocrx_word' id='word_1_59' title='bbox 213 1392 310 1486; x_wconf 92' lang='lat' dir='ltr'>quit,</span> <span class='ocrx_word' id='word_1_60' title='bbox 325 1394 408 1478; x_wconf 90' lang='lat' dir='ltr'>ista,</span> <span class='ocrx_word' id='word_1_61' title='bbox 423 1398 565 1479; x_wconf 85' lang='lat' dir='ltr'>Crasse,</span> <span class='ocrx_word' id='word_1_62' title='bbox 583 1417 664 1489; x_wconf 82' lang='lat' dir='ltr'>qnae</span> <span class='ocrx_word' id='word_1_63' title='bbox 678 1391 788 1477; x_wconf 73' lang='lat' dir='ltr'>dicis,</span> <span class='ocrx_word' id='word_1_64' title='bbox 807 1391 1028 1475; x_wconf 77' lang='lat' dir='ltr'>necdubim,</span> <span class='ocrx_word' id='word_1_65' title='bbox 1047 1396 1135 1490; x_wconf 89' lang='lat' dir='ltr'>quin</span> <span class='ocrx_word' id='word_1_66' title='bbox 1153 1394 1267 1465; x_wconf 86' lang='lat' dir='ltr'>multo</span> <span class='ocrx_word' id='word_1_67' title='bbox 1291 1378 1307 1487; x_wconf 57' lang='lat' dir='ltr'>J,</span> 
     </span>
     <span class='ocr_line' id='line_1_10' title="bbox 212 1492 1310 1613; baseline 0.005 -43"><span class='ocrx_word' id='word_1_68' title='bbox 212 1500 430 1599; x_wconf 79' lang='lat' dir='ltr'>locupletior</span> <span class='ocrx_word' id='word_1_69' title='bbox 456 1506 493 1573; x_wconf 91' lang='lat' dir='ltr'>in</span> <span class='ocrx_word' id='word_1_70' title='bbox 517 1501 673 1575; x_wconf 81' lang='lat' dir='ltr'>dicendo</span> <span class='ocrx_word' id='word_1_71' title='bbox 701 1500 844 1573; x_wconf 82' lang='lat' dir='ltr'>futurus</span> <span class='ocrx_word' id='word_1_72' title='bbox 866 1507 929 1590; x_wconf 90' lang='lat' dir='ltr'>sit,</span> <span class='ocrx_word' id='word_1_73' title='bbox 951 1505 979 1574; x_wconf 90' lang='lat' dir='ltr'>si</span> <span class='ocrx_word' id='word_1_74' title='bbox 1002 1506 1083 1601; x_wconf 88' lang='lat' dir='ltr'>quis</span> <span class='ocrx_word' id='word_1_75' title='bbox 1105 1507 1270 1575; x_wconf 91' lang='lat' dir='ltr'>omnium</span> <span class='ocrx_word' id='word_1_76' title='bbox 1297 1492 1310 1613; x_wconf 57' lang='grc' dir='ltr'>ζ</span> 
     </span>
     <span class='ocr_line' id='line_1_11' title="bbox 212 1614 1310 1712; baseline 0.005 -32"><span class='ocrx_word' id='word_1_77' title='bbox 212 1636 331 1682; x_wconf 84' lang='lat' dir='ltr'>rerum</span> <span class='ocrx_word' id='word_1_78' title='bbox 355 1629 464 1710; x_wconf 86' lang='lat' dir='ltr'>atque</span> <span class='ocrx_word' id='word_1_79' title='bbox 487 1615 617 1684; x_wconf 84' lang='lat' dir='ltr'>artium</span> <span class='ocrx_word' id='word_1_80' title='bbox 645 1614 818 1683; x_wconf 88' lang='lat' dir='ltr'>rationem</span> <span class='ocrx_word' id='word_1_81' title='bbox 841 1628 1078 1710; x_wconf 86' lang='lat' dir='ltr'>naturamque</span> <span class='ocrx_word' id='word_1_82' title='bbox 1102 1628 1270 1712; x_wconf 77' lang='lat' dir='ltr'>compre·</span> <span class='ocrx_word' id='word_1_83' title='bbox 1303 1620 1310 1685; x_wconf 89' lang='lat'>&#39;.</span> 
     </span>
     <span class='ocr_line' id='line_1_12' title="bbox 212 1721 1270 1821; baseline 0.004 -30"><span class='ocrx_word' id='word_1_84' title='bbox 212 1721 389 1793; x_wconf 84' lang='lat' dir='ltr'>henderit.</span> <span class='ocrx_word' id='word_1_85' title='bbox 404 1723 472 1795; x_wconf 90' lang='lat' dir='ltr'>Sed</span> <span class='ocrx_word' id='word_1_86' title='bbox 487 1725 641 1821; x_wconf 87' lang='lat' dir='ltr'>primum</span> <span class='ocrx_word' id='word_1_87' title='bbox 660 1722 696 1793; x_wconf 92' lang='lat' dir='ltr'>id</span> <span class='ocrx_word' id='word_1_88' title='bbox 712 1721 856 1794; x_wconf 88' lang='lat' dir='ltr'>difficile</span> <span class='ocrx_word' id='word_1_89' title='bbox 872 1740 926 1795; x_wconf 88' lang='lat' dir='ltr'>est</span> <span class='ocrx_word' id='word_1_90' title='bbox 940 1722 1053 1811; x_wconf 83' lang='lat' dir='ltr'>factu,</span> <span class='ocrx_word' id='word_1_91' title='bbox 1072 1726 1270 1820; x_wconf 74' lang='lat' dir='ltr'>prasertim</span> 
     </span>
     <span class='ocr_line' id='line_1_13' title="bbox 211 1831 1272 1930; baseline 0.003 -30"><span class='ocrx_word' id='word_1_92' title='bbox 211 1832 248 1901; x_wconf 92' lang='lat' dir='ltr'>in</span> <span class='ocrx_word' id='word_1_93' title='bbox 263 1831 328 1904; x_wconf 87' lang='lat' dir='ltr'>hac</span> <span class='ocrx_word' id='word_1_94' title='bbox 343 1850 464 1905; x_wconf 90' lang='lat' dir='ltr'>nostra</span> <span class='ocrx_word' id='word_1_95' title='bbox 479 1837 571 1917; x_wconf 87' lang='lat' dir='ltr'>vita,</span> <span class='ocrx_word' id='word_1_96' title='bbox 588 1836 792 1929; x_wconf 88' lang='lat' dir='ltr'>nostrisque</span> <span class='ocrx_word' id='word_1_97' title='bbox 801 1831 1115 1930; x_wconf 80' lang='lat' dir='ltr'>occupationibus3</span> <span class='ocrx_word' id='word_1_98' title='bbox 1135 1831 1272 1903; x_wconf 87' lang='lat' dir='ltr'>deiude</span> 
     </span>
     <span class='ocr_line' id='line_1_14' title="bbox 212 1939 1272 2030; baseline 0 -18"><span class='ocrx_word' id='word_1_99' title='bbox 212 1941 301 2013; x_wconf 89' lang='lat' dir='ltr'>illud</span> <span class='ocrx_word' id='word_1_100' title='bbox 325 1946 430 2013; x_wconf 88' lang='lat' dir='ltr'>etiam</span> <span class='ocrx_word' id='word_1_101' title='bbox 456 1942 653 2013; x_wconf 76' lang='lat' dir='ltr'>ver-endum</span> <span class='ocrx_word' id='word_1_102' title='bbox 685 1957 755 2030; x_wconf 89' lang='lat' dir='ltr'>est,</span> <span class='ocrx_word' id='word_1_103' title='bbox 783 1967 829 2012; x_wconf 89' lang='lat' dir='ltr'>ne</span> <span class='ocrx_word' id='word_1_104' title='bbox 859 1940 1108 2013; x_wconf 81' lang='lat' dir='ltr'>abstrahamur</span> <span class='ocrx_word' id='word_1_105' title='bbox 1132 1939 1181 2012; x_wconf 85' lang='lat' dir='ltr'>ab</span> <span class='ocrx_word' id='word_1_106' title='bbox 1203 1940 1272 2013; x_wconf 84' lang='lat' dir='ltr'>hac</span> 
     </span>
     <span class='ocr_line' id='line_1_15' title="bbox 212 2050 1273 2148; baseline 0.001 -25"><span class='ocrx_word' id='word_1_107' title='bbox 212 2054 484 2135; x_wconf 76' lang='lat' dir='ltr'>exercitatione,</span> <span class='ocrx_word' id='word_1_108' title='bbox 511 2067 547 2123; x_wconf 93' lang='lat' dir='ltr'>et</span> <span class='ocrx_word' id='word_1_109' title='bbox 567 2051 829 2123; x_wconf 87' lang='lat' dir='ltr'>consuetudine</span> <span class='ocrx_word' id='word_1_110' title='bbox 851 2050 994 2122; x_wconf 89' lang='lat' dir='ltr'>dicendi</span> <span class='ocrx_word' id='word_1_111' title='bbox 1023 2051 1213 2148; x_wconf 86' lang='lat' dir='ltr'>populari,</span> <span class='ocrx_word' id='word_1_112' title='bbox 1235 2066 1273 2124; x_wconf 86' lang='lat' dir='ltr'>et</span> 
     </span>
     <span class='ocr_line' id='line_1_16' title="bbox 213 2160 1273 2259; baseline 0.001 -27"><span class='ocrx_word' id='word_1_113' title='bbox 213 2160 357 2233; x_wconf 82' lang='lat' dir='ltr'>forensi.</span> <span class='ocrx_word' id='word_1_114' title='bbox 385 2160 490 2232; x_wconf 78' lang='lat' dir='ltr'>Aliud</span> <span class='ocrx_word' id='word_1_115' title='bbox 512 2166 608 2232; x_wconf 91' lang='lat' dir='ltr'>euim</span> <span class='ocrx_word' id='word_1_116' title='bbox 630 2161 718 2230; x_wconf 91' lang='lat' dir='ltr'>mihi</span> <span class='ocrx_word' id='word_1_117' title='bbox 747 2161 930 2257; x_wconf 86' lang='lat' dir='ltr'>quoddam</span> <span class='ocrx_word' id='word_1_118' title='bbox 953 2185 1067 2259; x_wconf 89' lang='lat' dir='ltr'>genus</span> <span class='ocrx_word' id='word_1_119' title='bbox 1097 2161 1273 2233; x_wconf 81' lang='lat' dir='ltr'>oratiqus</span> 
     </span>
     <span class='ocr_line' id='line_1_17' title="bbox 213 2269 1274 2368; baseline -0.001 -26"><span class='ocrx_word' id='word_1_120' title='bbox 213 2295 290 2342; x_wconf 87' lang='lat' dir='ltr'>esse</span> <span class='ocrx_word' id='word_1_121' title='bbox 302 2270 444 2341; x_wconf 84' lang='lat' dir='ltr'>videtur</span> <span class='ocrx_word' id='word_1_122' title='bbox 461 2295 585 2340; x_wconf 89' lang='lat' dir='ltr'>eorum</span> <span class='ocrx_word' id='word_1_123' title='bbox 603 2271 812 2353; x_wconf 88' lang='lat' dir='ltr'>hominum,</span> <span class='ocrx_word' id='word_1_124' title='bbox 833 2270 878 2341; x_wconf 90' lang='lat' dir='ltr'>de</span> <span class='ocrx_word' id='word_1_125' title='bbox 894 2269 1167 2368; x_wconf 80' lang='lat' dir='ltr'>quibus,paullo</span> <span class='ocrx_word' id='word_1_126' title='bbox 1186 2284 1274 2341; x_wconf 88' lang='lat' dir='ltr'>ante</span> 
     </span>
     <span class='ocr_line' id='line_1_18' title="bbox 212 2379 1274 2477; baseline 0.002 -26"><span class='ocrx_word' id='word_1_127' title='bbox 212 2379 354 2466; x_wconf 84' lang='lat' dir='ltr'>dixisti,</span> <span class='ocrx_word' id='word_1_128' title='bbox 371 2383 533 2476; x_wconf 88' lang='lat' dir='ltr'>quamvis</span> <span class='ocrx_word' id='word_1_129' title='bbox 552 2381 600 2449; x_wconf 94' lang='lat' dir='ltr'>illi</span> <span class='ocrx_word' id='word_1_130' title='bbox 620 2394 745 2451; x_wconf 84' lang='lat' dir='ltr'>ornate</span> <span class='ocrx_word' id='word_1_131' title='bbox 761 2395 797 2451; x_wconf 89' lang='lat' dir='ltr'>et</span> <span class='ocrx_word' id='word_1_132' title='bbox 814 2384 979 2477; x_wconf 82' lang='lat' dir='ltr'>graviter,</span> <span class='ocrx_word' id='word_1_133' title='bbox 998 2396 1060 2452; x_wconf 90' lang='lat' dir='ltr'>aut</span> <span class='ocrx_word' id='word_1_134' title='bbox 1075 2380 1120 2451; x_wconf 89' lang='lat' dir='ltr'>de</span> <span class='ocrx_word' id='word_1_135' title='bbox 1139 2396 1274 2453; x_wconf 82' lang='lat' dir='ltr'>natura</span> 
     </span>
    </p>

    <p class='ocr_par' dir='ltr' id='par_1_4' title="bbox 104 2489 1275 3249">
     <span class='ocr_line' id='line_1_19' title="bbox 104 2489 1272 2588; baseline 0 -27"><span class='ocrx_word' id='word_1_136' title='bbox 104 2546 107 2551; x_wconf 55' lang='lat'>.</span> <span class='ocrx_word' id='word_1_137' title='bbox 210 2513 350 2571; x_wconf 86' lang='lat' dir='ltr'>rerum,</span> <span class='ocrx_word' id='word_1_138' title='bbox 372 2505 434 2560; x_wconf 93' lang='lat' dir='ltr'>aut</span> <span class='ocrx_word' id='word_1_139' title='bbox 461 2489 506 2560; x_wconf 89' lang='lat' dir='ltr'>de</span> <span class='ocrx_word' id='word_1_140' title='bbox 532 2490 699 2561; x_wconf 89' lang='lat' dir='ltr'>humanis</span> <span class='ocrx_word' id='word_1_141' title='bbox 731 2490 839 2562; x_wconf 90' lang='lat' dir='ltr'>rebus</span> <span class='ocrx_word' id='word_1_142' title='bbox 872 2492 1075 2588; x_wconf 84' lang='lat' dir='ltr'>loquantur.</span> <span class='ocrx_word' id='word_1_143' title='bbox 1104 2491 1272 2563; x_wconf 88' lang='lat' dir='ltr'>Nitidum</span> 
     </span>
     <span class='ocr_line' id='line_1_20' title="bbox 213 2597 1274 2698; baseline 0.002 -28"><span class='ocrx_word' id='word_1_144' title='bbox 213 2597 395 2697; x_wconf 87' lang='lat' dir='ltr'>quoddam</span> <span class='ocrx_word' id='word_1_145' title='bbox 406 2623 519 2695; x_wconf 90' lang='lat' dir='ltr'>genus</span> <span class='ocrx_word' id='word_1_146' title='bbox 528 2614 582 2670; x_wconf 89' lang='lat' dir='ltr'>est</span> <span class='ocrx_word' id='word_1_147' title='bbox 595 2600 786 2672; x_wconf 88' lang='lat' dir='ltr'>verborum</span> <span class='ocrx_word' id='word_1_148' title='bbox 799 2616 834 2672; x_wconf 92' lang='lat' dir='ltr'>et</span> <span class='ocrx_word' id='word_1_149' title='bbox 846 2602 981 2686; x_wconf 68' lang='lat' dir='ltr'>laetum,</span> <span class='ocrx_word' id='word_1_150' title='bbox 997 2600 1077 2673; x_wconf 88' lang='lat' dir='ltr'>sed¹</span> <span class='ocrx_word' id='word_1_151' title='bbox 1099 2600 1274 2698; x_wconf 71' lang='lat' dir='ltr'>palustrae</span> 
     </span>
     <span class='ocr_line' id='line_1_21' title="bbox 212 2708 1273 2806; baseline 0 -25"><span class='ocrx_word' id='word_1_152' title='bbox 212 2710 323 2806; x_wconf 86' lang='lat' dir='ltr'>magis</span> <span class='ocrx_word' id='word_1_153' title='bbox 334 2724 370 2779; x_wconf 90' lang='lat' dir='ltr'>et</span> <span class='ocrx_word' id='word_1_154' title='bbox 385 2709 455 2780; x_wconf 89' lang='lat' dir='ltr'>ulei</span> <span class='ocrx_word' id='word_1_155' title='bbox 466 2722 492 2794; x_wconf 80' lang='lat'>²,</span> <span class='ocrx_word' id='word_1_156' title='bbox 506 2734 613 2805; x_wconf 94' lang='lat' dir='ltr'>quam</span> <span class='ocrx_word' id='word_1_157' title='bbox 630 2711 738 2804; x_wconf 90' lang='lat' dir='ltr'>hujus</span> <span class='ocrx_word' id='word_1_158' title='bbox 757 2711 868 2781; x_wconf 85' lang='lat' dir='ltr'>civilis</span> <span class='ocrx_word' id='word_1_159' title='bbox 885 2710 998 2781; x_wconf 81' lang='lat' dir='ltr'>tnrbae</span> <span class='ocrx_word' id='word_1_160' title='bbox 1010 2735 1050 2782; x_wconf 81' lang='lat' dir='ltr'>ac</span> <span class='ocrx_word' id='word_1_161' title='bbox 1066 2708 1144 2782; x_wconf 82' lang='lat' dir='ltr'>fori.</span> <span class='ocrx_word' id='word_1_162' title='bbox 1165 2712 1273 2781; x_wconf 87' lang='lat' dir='ltr'>Nam·</span> 
     </span>
     <span class='ocr_line' id='line_1_22' title="bbox 212 2819 1274 2919; baseline 0 -28"><span class='ocrx_word' id='word_1_163' title='bbox 212 2846 284 2919; x_wconf 83' lang='lat' dir='ltr'>qne</span> <span class='ocrx_word' id='word_1_164' title='bbox 307 2835 467 2917; x_wconf 84' lang='lat' dir='ltr'>egomet,</span> <span class='ocrx_word' id='word_1_165' title='bbox 488 2822 552 2916; x_wconf 92' lang='lat' dir='ltr'>qni</span> <span class='ocrx_word' id='word_1_166' title='bbox 568 2844 668 2906; x_wconf 92' lang='lat' dir='ltr'>sero,</span> <span class='ocrx_word' id='word_1_167' title='bbox 693 2846 733 2891; x_wconf 90' lang='lat' dir='ltr'>ac</span> <span class='ocrx_word' id='word_1_168' title='bbox 750 2819 876 2891; x_wconf 88' lang='lat' dir='ltr'>leviter</span> <span class='ocrx_word' id='word_1_169' title='bbox 893 2845 1023 2917; x_wconf 87' lang='lat' dir='ltr'>graecas</span> <span class='ocrx_word' id='word_1_170' title='bbox 1045 2820 1164 2891; x_wconf 89' lang='lat' dir='ltr'>literas</span> <span class='ocrx_word' id='word_1_171' title='bbox 1187 2822 1274 2891; x_wconf 88' lang='lat' dir='ltr'>atti-</span> 
     </span>
     <span class='ocr_line' id='line_1_23' title="bbox 213 2928 1274 3027; baseline 0.003 -29"><span class='ocrx_word' id='word_1_172' title='bbox 213 2933 360 3027; x_wconf 80' lang='lat' dir='ltr'>gIssem,</span> <span class='ocrx_word' id='word_1_173' title='bbox 385 2944 503 3000; x_wconf 88' lang='lat' dir='ltr'>tamen</span> <span class='ocrx_word' id='word_1_174' title='bbox 523 2955 636 3026; x_wconf 85' lang='lat' dir='ltr'>quum</span> <span class='ocrx_word' id='word_1_175' title='bbox 657 2928 895 3027; x_wconf 76' lang='lat' dir='ltr'>proconsule³</span> <span class='ocrx_word' id='word_1_176' title='bbox 919 2932 955 3000; x_wconf 91' lang='lat' dir='ltr'>in</span> <span class='ocrx_word' id='word_1_177' title='bbox 976 2931 1133 3002; x_wconf 86' lang='lat' dir='ltr'>Ciliciam</span> <span class='ocrx_word' id='word_1_178' title='bbox 1154 2929 1274 3026; x_wconf 84' lang='lat' dir='ltr'>proli·</span> 
     </span>
     <span class='ocr_line' id='line_1_24' title="bbox 213 3038 1275 3137; baseline 0.001 -26"><span class='ocrx_word' id='word_1_179' title='bbox 213 3043 347 3111; x_wconf 86' lang='lat' dir='ltr'>ciscens</span> <span class='ocrx_word' id='word_1_180' title='bbox 374 3039 528 3110; x_wconf 82' lang='lat' dir='ltr'>Athenas</span> <span class='ocrx_word' id='word_1_181' title='bbox 553 3045 746 3125; x_wconf 87' lang='lat' dir='ltr'>venissem,</span> <span class='ocrx_word' id='word_1_182' title='bbox 776 3040 979 3137; x_wconf 89' lang='lat' dir='ltr'>complures</span> <span class='ocrx_word' id='word_1_183' title='bbox 1000 3056 1076 3110; x_wconf 89' lang='lat' dir='ltr'>tum</span> <span class='ocrx_word' id='word_1_184' title='bbox 1108 3038 1158 3109; x_wconf 91' lang='lat' dir='ltr'>ibi</span> <span class='ocrx_word' id='word_1_185' title='bbox 1193 3039 1275 3112; x_wconf 87' lang='lat' dir='ltr'>dies</span> 
     </span>
     <span class='ocr_line' id='line_1_25' title="bbox 212 3150 1273 3249; baseline -0.002 -27"><span class='ocrx_word' id='word_1_186' title='bbox 212 3176 291 3222; x_wconf 89' lang='lat' dir='ltr'>sum</span> <span class='ocrx_word' id='word_1_187' title='bbox 317 3165 464 3249; x_wconf 86' lang='lat' dir='ltr'>propter</span> <span class='ocrx_word' id='word_1_188' title='bbox 489 3150 679 3248; x_wconf 87' lang='lat' dir='ltr'>navigandi</span> <span class='ocrx_word' id='word_1_189' title='bbox 704 3150 977 3222; x_wconf 74' lang='lat' dir='ltr'>difficultatemI</span> <span class='ocrx_word' id='word_1_190' title='bbox 1002 3165 1273 3222; x_wconf 88' lang='lat' dir='ltr'>commoratus:</span> 
     </span>
    </p>
   </div>
   <div class='ocr_carea' id='block_1_3' title="bbox 207 3318 1276 4329">
    <p class='ocr_par' dir='ltr' id='par_1_5' title="bbox 208 3318 1276 3686">
     <span class='ocr_line' id='line_1_26' title="bbox 247 3318 1272 3384; baseline -0.002 -16"><span class='ocrx_word' id='word_1_191' title='bbox 247 3341 270 3384; x_wconf 84' lang='lat'>7.</span> <span class='ocrx_word' id='word_1_192' title='bbox 289 3321 398 3368; x_wconf 82' lang='lat' dir='ltr'>Studium</span> <span class='ocrx_word' id='word_1_193' title='bbox 416 3321 479 3369; x_wconf 81' lang='lat' dir='ltr'>illud</span> <span class='ocrx_word' id='word_1_194' title='bbox 495 3318 607 3368; x_wconf 76' lang='lat' dir='ltr'>discendi</span> <span class='ocrx_word' id='word_1_195' title='bbox 626 3321 716 3367; x_wconf 81' lang='lat' dir='ltr'>acerri-</span> <span class='ocrx_word' id='word_1_196' title='bbox 760 3320 802 3369; x_wconf 75' lang='lat' dir='ltr'>sed</span> <span class='ocrx_word' id='word_1_197' title='bbox 817 3322 887 3367; x_wconf 86' lang='lat' dir='ltr'>nimis</span> <span class='ocrx_word' id='word_1_198' title='bbox 897 3322 969 3377; x_wconf 87' lang='lat' dir='ltr'>uitet,</span> <span class='ocrx_word' id='word_1_199' title='bbox 979 3330 1003 3367; x_wconf 90' lang='lat' dir='ltr'>et</span> <span class='ocrx_word' id='word_1_200' title='bbox 1014 3331 1089 3367; x_wconf 77' lang='lat' dir='ltr'>netem</span> <span class='ocrx_word' id='word_1_201' title='bbox 1104 3320 1183 3383; x_wconf 80' lang='lat' dir='ltr'>sapit,</span> <span class='ocrx_word' id='word_1_202' title='bbox 1196 3318 1272 3377; x_wconf 74' lang='lat' dir='ltr'>adeo·</span> 
     </span>
     <span class='ocr_line' id='line_1_27' title="bbox 210 3398 1275 3464; baseline -0.003 -14"><span class='ocrx_word' id='word_1_203' title='bbox 210 3418 282 3450; x_wconf 83' lang='lat' dir='ltr'>mum.</span> <span class='ocrx_word' id='word_1_204' title='bbox 295 3402 335 3449; x_wconf 85' lang='lat' dir='ltr'>Sic</span> <span class='ocrx_word' id='word_1_205' title='bbox 349 3400 458 3464; x_wconf 84' lang='lat' dir='ltr'>plerique</span> <span class='ocrx_word' id='word_1_206' title='bbox 471 3418 485 3447; x_wconf 88' lang='lat' dir='ltr'>e</span> <span class='ocrx_word' id='word_1_207' title='bbox 494 3400 623 3453; x_wconf 71' lang='lat' dir='ltr'>PaleIInirz</span> <span class='ocrx_word' id='word_1_208' title='bbox 638 3416 717 3463; x_wconf 85' lang='lat' dir='ltr'>neque</span> <span class='ocrx_word' id='word_1_209' title='bbox 760 3417 808 3464; x_wconf 88' lang='lat' dir='ltr'>que</span> <span class='ocrx_word' id='word_1_210' title='bbox 819 3400 894 3461; x_wconf 80' lang='lat' dir='ltr'>magle</span> <span class='ocrx_word' id='word_1_211' title='bbox 903 3398 1111 3446; x_wconf 73' lang='lat' dir='ltr'>accommodatum</span> <span class='ocrx_word' id='word_1_212' title='bbox 1126 3398 1275 3447; x_wconf 73' lang='lat' dir='ltr'>eetauribue</span> 
     </span>
     <span class='ocr_line' id='line_1_28' title="bbox 208 3476 1257 3542; baseline -0.002 -15"><span class='ocrx_word' id='word_1_213' title='bbox 208 3496 277 3527; x_wconf 79' lang='lat' dir='ltr'>seem</span> <span class='ocrx_word' id='word_1_214' title='bbox 289 3479 346 3527; x_wconf 89' lang='lat' dir='ltr'>libri</span> <span class='ocrx_word' id='word_1_215' title='bbox 356 3495 419 3542; x_wconf 86' lang='lat' dir='ltr'>quos</span> <span class='ocrx_word' id='word_1_216' title='bbox 431 3480 522 3527; x_wconf 84' lang='lat' dir='ltr'>evolvit</span> <span class='ocrx_word' id='word_1_217' title='bbox 539 3478 660 3527; x_wconf 81' lang='lat' dir='ltr'>Sullridue</span> <span class='ocrx_word' id='word_1_218' title='bbox 670 3495 717 3526; x_wconf 92' lang='lat' dir='ltr'>no·</span> <span class='ocrx_word' id='word_1_219' title='bbox 761 3478 840 3527; x_wconf 86' lang='lat' dir='ltr'>doctis</span> <span class='ocrx_word' id='word_1_220' title='bbox 853 3492 877 3525; x_wconf 86' lang='lat' dir='ltr'>et</span> <span class='ocrx_word' id='word_1_221' title='bbox 890 3477 1054 3541; x_wconf 74' lang='lat' dir='ltr'>elegantibus,</span> <span class='ocrx_word' id='word_1_222' title='bbox 1067 3492 1138 3539; x_wconf 79' lang='lat' dir='ltr'>quem</span> <span class='ocrx_word' id='word_1_223' title='bbox 1156 3476 1257 3541; x_wconf 84' lang='lat' dir='ltr'>populi.</span> 
     </span>
     <span class='ocr_line' id='line_1_29' title="bbox 208 3552 1276 3623; baseline -0.003 -17"><span class='ocrx_word' id='word_1_224' title='bbox 208 3570 265 3618; x_wconf 80' lang='lat' dir='ltr'>ster,</span> <span class='ocrx_word' id='word_1_225' title='bbox 275 3557 400 3623; x_wconf 87' lang='lat' dir='ltr'>quomodo</span> <span class='ocrx_word' id='word_1_226' title='bbox 411 3557 504 3605; x_wconf 88' lang='lat' dir='ltr'>dudum</span> <span class='ocrx_word' id='word_1_227' title='bbox 518 3559 654 3619; x_wconf 75' lang='lat' dir='ltr'>conjecerat</span> <span class='ocrx_word' id='word_1_228' title='bbox 665 3560 717 3605; x_wconf 87' lang='lat' dir='ltr'>llo·</span> <span class='ocrx_word' id='word_1_229' title='bbox 798 3572 821 3604; x_wconf 76' lang='lat' dir='ltr'>n.</span> <span class='ocrx_word' id='word_1_230' title='bbox 839 3560 873 3603; x_wconf 80' lang='lat' dir='ltr'>Et</span> <span class='ocrx_word' id='word_1_231' title='bbox 890 3556 948 3604; x_wconf 83' lang='lat' dir='ltr'>olei.</span> <span class='ocrx_word' id='word_1_232' title='bbox 967 3552 1093 3603; x_wconf 76' lang='lat' dir='ltr'>Schirtziue</span> <span class='ocrx_word' id='word_1_233' title='bbox 1114 3554 1157 3601; x_wconf 76' lang='lat' dir='ltr'>dat</span> <span class='ocrx_word' id='word_1_234' title='bbox 1176 3565 1203 3602; x_wconf 87' lang='lat' dir='ltr'>et</span> <span class='ocrx_word' id='word_1_235' title='bbox 1226 3555 1276 3603; x_wconf 83' lang='lat' dir='ltr'>otii</span> 
     </span>
     <span class='ocr_line' id='line_1_30' title="bbox 211 3635 976 3686; baseline -0.003 -3"><span class='ocrx_word' id='word_1_236' title='bbox 211 3648 349 3685; x_wconf 85' lang='lat' dir='ltr'>tomennue.</span> <span class='ocrx_word' id='word_1_237' title='bbox 362 3637 444 3686; x_wconf 80' lang='lat' dir='ltr'>Geur.</span> <span class='ocrx_word' id='word_1_238' title='bbox 762 3653 816 3684; x_wconf 86' lang='lat' dir='ltr'>cum</span> <span class='ocrx_word' id='word_1_239' title='bbox 830 3638 875 3684; x_wconf 72' lang='lat' dir='ltr'>Its</span> <span class='ocrx_word' id='word_1_240' title='bbox 890 3635 976 3683; x_wconf 84' lang='lat' dir='ltr'>Dresd.</span> 
     </span>
    </p>

    <p class='ocr_par' dir='ltr' id='par_1_6' title="bbox 208 3711 1274 4013">
     <span class='ocr_line' id='line_1_31' title="bbox 244 3711 1274 3780; baseline -0.001 -17"><span class='ocrx_word' id='word_1_241' title='bbox 244 3717 268 3765; x_wconf 78' lang='lat'>8.</span> <span class='ocrx_word' id='word_1_242' title='bbox 278 3716 381 3778; x_wconf 79' lang='lat' dir='ltr'>Qualem</span> <span class='ocrx_word' id='word_1_243' title='bbox 390 3716 457 3765; x_wconf 84' lang='lat' dir='ltr'>illum</span> <span class='ocrx_word' id='word_1_244' title='bbox 467 3727 598 3772; x_wconf 73' lang='lat' dir='ltr'>oratorem,</span> <span class='ocrx_word' id='word_1_245' title='bbox 607 3728 633 3765; x_wconf 85' lang='lat' dir='ltr'>et</span> <span class='ocrx_word' id='word_1_246' title='bbox 641 3732 719 3780; x_wconf 80' lang='lat' dir='ltr'>quan·</span> <span class='ocrx_word' id='word_1_247' title='bbox 798 3716 823 3763; x_wconf 79' lang='grc'>3.</span> <span class='ocrx_word' id='word_1_248' title='bbox 849 3714 1006 3762; x_wconf 80' lang='lat' dir='ltr'>Proconsule.</span> <span class='ocrx_word' id='word_1_249' title='bbox 1025 3712 1158 3760; x_wconf 73' lang='grc' dir='ltr'>Ρνοσοιιςηῖ</span> <span class='ocrx_word' id='word_1_250' title='bbox 1180 3711 1274 3762; x_wconf 76' lang='lat' dir='ltr'>liabent</span> 
     </span>
     <span class='ocr_line' id='line_1_32' title="bbox 209 3792 1273 3858; baseline -0.003 -17"><span class='ocrx_word' id='word_1_251' title='bbox 209 3804 259 3841; x_wconf 87' lang='lat' dir='ltr'>tum</span> <span class='ocrx_word' id='word_1_252' title='bbox 266 3794 434 3858; x_wconf 52' lang='lat' dir='ltr'>futurarum</span> <span class='ocrx_word' id='word_1_253' title='bbox 445 3792 574 3843; x_wconf 79' lang='lat' dir='ltr'>Schiitzius</span> <span class='ocrx_word' id='word_1_254' title='bbox 583 3794 650 3842; x_wconf 85' lang='lat' dir='ltr'>dedit</span> <span class='ocrx_word' id='word_1_255' title='bbox 663 3812 718 3843; x_wconf 85' lang='lat' dir='ltr'>eum</span> <span class='ocrx_word' id='word_1_256' title='bbox 763 3810 846 3842; x_wconf 81' lang='lat' dir='ltr'>ornnes</span> <span class='ocrx_word' id='word_1_257' title='bbox 857 3793 915 3841; x_wconf 92' lang='lat' dir='ltr'>edd.</span> <span class='ocrx_word' id='word_1_258' title='bbox 930 3810 969 3857; x_wconf 77' lang='lat' dir='ltr'>pr.</span> <span class='ocrx_word' id='word_1_259' title='bbox 986 3792 1044 3839; x_wconf 82' lang='lat' dir='ltr'>Aldi</span> <span class='ocrx_word' id='word_1_260' title='bbox 1058 3806 1171 3854; x_wconf 84' lang='lat' dir='ltr'>quoque,</span> <span class='ocrx_word' id='word_1_261' title='bbox 1186 3803 1210 3839; x_wconf 89' lang='lat' dir='ltr'>et</span> <span class='ocrx_word' id='word_1_262' title='bbox 1227 3792 1273 3839; x_wconf 75' lang='lat' dir='ltr'>MS</span> 
     </span>
     <span class='ocr_line' id='line_1_33' title="bbox 210 3870 1274 3935; baseline 0.001 -16"><span class='ocrx_word' id='word_1_263' title='bbox 210 3871 292 3919; x_wconf 80' lang='lat' dir='ltr'>Guell.</span> <span class='ocrx_word' id='word_1_264' title='bbox 307 3886 330 3926; x_wconf 84' lang='lat'>1,</span> <span class='ocrx_word' id='word_1_265' title='bbox 340 3872 464 3935; x_wconf 58' lang='lat' dir='ltr'>Uulgo:</span> <span class='ocrx_word' id='word_1_266' title='bbox 485 3894 495 3913; x_wconf 77' lang='grc' dir='ltr'>ι</span> <span class='ocrx_word' id='word_1_267' title='bbox 507 3873 602 3935; x_wconf 80' lang='lat' dir='ltr'>qualem</span> <span class='ocrx_word' id='word_1_268' title='bbox 612 3874 682 3921; x_wconf 86' lang='lat' dir='ltr'>illum</span> <span class='ocrx_word' id='word_1_269' title='bbox 695 3884 719 3921; x_wconf 87' lang='lat' dir='ltr'>et</span> <span class='ocrx_word' id='word_1_270' title='bbox 763 3874 813 3922; x_wconf 82' lang='lat' dir='ltr'>llrl.</span> <span class='ocrx_word' id='word_1_271' title='bbox 827 3874 890 3921; x_wconf 76' lang='lat' dir='ltr'>Eun.</span> <span class='ocrx_word' id='word_1_272' title='bbox 907 3899 941 3908; x_wconf 92' lang='lat'><em>-</em></span> <span class='ocrx_word' id='word_1_273' title='bbox 950 3876 1035 3920; x_wconf 82' lang='lat' dir='ltr'>Fuerat</span> <span class='ocrx_word' id='word_1_274' title='bbox 1045 3870 1133 3919; x_wconf 83' lang='lat' dir='ltr'>consol</span> <span class='ocrx_word' id='word_1_275' title='bbox 1147 3872 1274 3920; x_wconf 78' lang='lat' dir='ltr'>Antonius</span> 
     </span>
     <span class='ocr_line' id='line_1_34' title="bbox 208 3951 987 4013; baseline 0.003 -16"><span class='ocrx_word' id='word_1_276' title='bbox 208 3960 327 4013; x_wconf 73' lang='lat' dir='ltr'>qnantum</span> <span class='ocrx_word' id='word_1_277' title='bbox 341 3960 460 3997; x_wconf 80' lang='lat' dir='ltr'>oratorem</span> <span class='ocrx_word' id='word_1_278' title='bbox 477 3952 582 3999; x_wconf 83' lang='lat' dir='ltr'>futurum</span> <span class='ocrx_word' id='word_1_279' title='bbox 594 3973 615 3999; x_wconf 76' lang='grc' dir='ltr'>ι.</span> <span class='ocrx_word' id='word_1_280' title='bbox 759 3967 826 3999; x_wconf 81' lang='lat' dir='ltr'>anno</span> <span class='ocrx_word' id='word_1_281' title='bbox 839 3953 873 3998; x_wconf 93' lang='lat' dir='ltr'>U.</span> <span class='ocrx_word' id='word_1_282' title='bbox 889 3951 987 4007; x_wconf 64' lang='grc'><strong>(1.654.</strong></span> 
     </span>
    </p>

    <p class='ocr_par' dir='ltr' id='par_1_7' title="bbox 207 4016 1274 4329">
     <span class='ocr_line' id='line_1_35' title="bbox 242 4016 1274 4095; baseline 0 -20"><span class='ocrx_word' id='word_1_283' title='bbox 242 4029 337 4075; x_wconf 76' lang='lat' dir='ltr'>xvllt.</span> <span class='ocrx_word' id='word_1_284' title='bbox 352 4042 374 4073; x_wconf 85' lang='lat'>1.</span> <span class='ocrx_word' id='word_1_285' title='bbox 390 4028 438 4075; x_wconf 82' lang='lat' dir='ltr'>Sed</span> <span class='ocrx_word' id='word_1_286' title='bbox 449 4030 582 4092; x_wconf 62' lang='lat' dir='ltr'>palaestae.</span> <span class='ocrx_word' id='word_1_287' title='bbox 603 4031 716 4078; x_wconf 72' lang='lat' dir='ltr'>Petreius</span> <span class='ocrx_word' id='word_1_288' title='bbox 795 4038 822 4086; x_wconf 69' lang='lat' dir='ltr'>t.</span> <span class='ocrx_word' id='word_1_289' title='bbox 840 4032 940 4095; x_wconf 81' lang='lat' dir='ltr'>Propter</span> <span class='ocrx_word' id='word_1_290' title='bbox 951 4016 1085 4094; x_wconf 74' lang='lat' dir='ltr'>navigandi</span> <span class='ocrx_word' id='word_1_291' title='bbox 1098 4026 1274 4095; x_wconf 72' lang='lat' dir='ltr'>difficultatem</span> 
     </span>
     <span class='ocr_line' id='line_1_36' title="bbox 210 4105 1271 4171; baseline 0.003 -21"><span class='ocrx_word' id='word_1_292' title='bbox 210 4105 277 4153; x_wconf 86' lang='lat' dir='ltr'>dedit</span> <span class='ocrx_word' id='word_1_293' title='bbox 294 4116 319 4152; x_wconf 75' lang='lat' dir='ltr'>et</span> <span class='ocrx_word' id='word_1_294' title='bbox 334 4106 461 4169; x_wconf 80' lang='lat' dir='ltr'>palestroe,</span> <span class='ocrx_word' id='word_1_295' title='bbox 481 4124 531 4156; x_wconf 86' lang='lat' dir='ltr'>uon</span> <span class='ocrx_word' id='word_1_296' title='bbox 551 4108 621 4157; x_wconf 81' lang='lat' dir='ltr'>male.</span> <span class='ocrx_word' id='word_1_297' title='bbox 639 4109 678 4156; x_wconf 71' lang='lat' dir='ltr'>stc</span> <span class='ocrx_word' id='word_1_298' title='bbox 691 4121 716 4158; x_wconf 90' lang='lat' dir='ltr'>et</span> <span class='ocrx_word' id='word_1_299' title='bbox 761 4122 929 4159; x_wconf 80' lang='lat' dir='ltr'>commoratus.</span> <span class='ocrx_word' id='word_1_300' title='bbox 955 4106 1044 4158; x_wconf 78' lang='lat' dir='ltr'>Tosani</span> <span class='ocrx_word' id='word_1_301' title='bbox 1071 4106 1134 4153; x_wconf 75' lang='lat' dir='ltr'>lilrer</span> <span class='ocrx_word' id='word_1_302' title='bbox 1155 4106 1271 4171; x_wconf 68' lang='lat' dir='ltr'>fisculu-</span> 
     </span>
     <span class='ocr_line' id='line_1_37' title="bbox 209 4184 1273 4252; baseline 0.005 -22"><span class='ocrx_word' id='word_1_303' title='bbox 209 4184 253 4231; x_wconf 79' lang='lat' dir='ltr'>MS</span> <span class='ocrx_word' id='word_1_304' title='bbox 272 4186 319 4232; x_wconf 74' lang='lat' dir='ltr'>liel.</span> <span class='ocrx_word' id='word_1_305' title='bbox 345 4186 392 4233; x_wconf 77' lang='lat' dir='ltr'>Sed</span> <span class='ocrx_word' id='word_1_306' title='bbox 415 4198 439 4232; x_wconf 86' lang='lat' dir='ltr'>et</span> <span class='ocrx_word' id='word_1_307' title='bbox 464 4187 586 4247; x_wconf 77' lang='lat' dir='ltr'>vulgatum</span> <span class='ocrx_word' id='word_1_308' title='bbox 613 4188 714 4252; x_wconf 87' lang='lat' dir='ltr'>intelligi</span> <span class='ocrx_word' id='word_1_309' title='bbox 760 4201 824 4241; x_wconf 79' lang='lat' dir='ltr'>tem.</span> <span class='ocrx_word' id='word_1_310' title='bbox 847 4189 914 4252; x_wconf 90' lang='lat' dir='ltr'>quod</span> <span class='ocrx_word' id='word_1_311' title='bbox 941 4188 1092 4236; x_wconf 83' lang='lat' dir='ltr'>temerarium</span> <span class='ocrx_word' id='word_1_312' title='bbox 1116 4186 1194 4234; x_wconf 86' lang='lat' dir='ltr'>videri</span> <span class='ocrx_word' id='word_1_313' title='bbox 1222 4202 1273 4235; x_wconf 83' lang='lat' dir='ltr'>nott</span> 
     </span>
     <span class='ocr_line' id='line_1_38' title="bbox 207 4256 918 4329; baseline 0.011 -22"><span class='ocrx_word' id='word_1_314' title='bbox 207 4276 263 4326; x_wconf 79' lang='lat' dir='ltr'>apte</span> <span class='ocrx_word' id='word_1_315' title='bbox 277 4265 307 4311; x_wconf 87' lang='lat' dir='ltr'>ad</span> <span class='ocrx_word' id='word_1_316' title='bbox 324 4264 390 4312; x_wconf 84' lang='lat' dir='ltr'>hunc</span> <span class='ocrx_word' id='word_1_317' title='bbox 405 4266 484 4313; x_wconf 84' lang='lat' dir='ltr'>locum</span> <span class='ocrx_word' id='word_1_318' title='bbox 501 4278 599 4329; x_wconf 85' lang='lat' dir='ltr'>potest:</span> <span class='ocrx_word' id='word_1_319' title='bbox 620 4267 645 4313; x_wconf 93' lang='lat' dir='ltr'>id</span> <span class='ocrx_word' id='word_1_320' title='bbox 665 4256 715 4326; x_wconf 65' lang='lat' dir='ltr'>est&#39;,</span> <span class='ocrx_word' id='word_1_321' title='bbox 761 4269 841 4317; x_wconf 86' lang='lat' dir='ltr'>debet.</span> <span class='ocrx_word' id='word_1_322' title='bbox 852 4270 918 4316; x_wconf 68' lang='lat' dir='ltr'>llum</span> 
     </span>
    </p>
   </div>
   <div class='ocr_carea' id='block_1_4' title="bbox 0 0 1316 5294">
    <p class='ocr_par' dir='ltr' id='par_1_8' title="bbox 0 0 1316 5294">
     <span class='ocr_line' id='line_1_39' title="bbox 0 0 1316 5294; baseline 0 0"><span class='ocrx_word' id='word_1_323' title='bbox 0 0 1316 5294; x_wconf 95' lang='lat' dir='ltr'> </span> 
     </span>
    </p>
   </div>
  </div>
 </body>
</html>
