2676 4786
140 349 184 429 αἱ,
478 344 524 411 Μ.
550 344 589 410 Τ.
612 341 852 411 CICERONIS

138 488 284 539 manum
299 460 435 535 cultum
448 461 662 560 civilemque
673 460 866 545 deducere,
881 473 961 545 aut,
969 459 1044 555 jam
1057 466 1189 535 consti·

138 574 225 643 tutis
241 571 456 659 civitatibus,
471 571 582 668 leges,
599 569 750 666 judicia,
770 570 851 662 jura
873 568 1099 641 describere?

113 772 116 779 Ι
185 686 253 770 Ac,
272 708 318 753 ne
337 682 456 779 plura,
478 706 558 779 quae
574 695 658 751 sunt
672 703 772 778 paene
787 676 1077 767 innumerabilia,
1098 703 1188 751 con·

137 805 261 877 secter,
280 790 582 889 comprehendam
602 790 700 861 brevi
725 815 733 859 :
755 791 806 861 sic
828 788 921 858 enim
948 803 1082 875 statim,
1107 814 1189 887 per·

137 900 221 972 fecti
248 904 397 971 oratoris
420 900 668 971 moderatione
699 914 735 969 et
760 900 932 995 sapientia
963 923 1036 968 non
1068 897 1187 969 solum

133 1011 244 1107 ipsius
257 1008 483 1107 dignitatem,
501 1009 563 1080 sed
581 1023 616 1080 et
635 1011 851 1106 privatorum
871 1005 1132 1104 plurimorum,
1152 1022 1188 1078 et

137 1119 308 1188 universae
320 1116 524 1214 reipublicae
536 1117 684 1188 salutem
695 1118 847 1188 maxime
860 1118 1046 1187 contineri.
1060 1120 1188 1207 Quam·

138 1225 263 1298 obrem
283 1231 437 1325 pergite,
459 1242 500 1297 ut
521 1225 653 1314 facitis,
677 1225 937 1312 adolescentes;
958 1241 1066 1324 atque
1089 1229 1130 1298 in
1151 1226 1188 1297 id

140 1335 315 1422 studium,
329 1337 365 1406 in
382 1361 456 1432 quo
470 1337 570 1424 estis,
586 1334 803 1422 incumbite,
818 1350 909 1405 utet
925 1333 1029 1406 vobis
1042 1334 1189 1419 honori,

138 1459 174 1516 et
194 1447 316 1516 amicis
347 1446 509 1532 utilitati,
535 1461 571 1517 et
600 1444 806 1542 reipublicae
835 1444 1079 1516 emolumento
1111 1469 1188 1517 esse

134 1555 286 1650 possitis.

182 1666 243 1733 IX.
264 1663 343 1759 (rx.)
355 1707 404 1720 —
421 1669 510 1735 Tum
527 1664 679 1736 scevola
701 1667 861 1749 comiter,
879 1677 919 1732 ut
935 1662 1072 1734 solebat
1090 1692 1098 1733 ε
1119 1667 1187 1735 Ce-

135 1786 228 1859 tera,
250 1775 386 1869 inquit,
405 1776 576 1845 assentior
595 1776 743 1860 Crasso,
772 1798 819 1843 ne
845 1786 906 1841 aut
932 1770 978 1842 de
1008 1778 1046 1843 C.
1072 1771 1186 1853 Laelii,

83 1954 88 1962 ,
135 1882 248 1951 soceri
265 1883 351 1968 mei,
371 1895 433 1952 aut
449 1880 494 1953 de
509 1882 638 1978 hujus,
655 1886 797 1978 generi,
814 1893 877 1951 aut
892 1895 984 1967 arte,
1000 1895 1062 1951 aut
1075 1879 1189 1977 gloria

135 1988 318 2060 detraham
330 2016 339 2073 ;
358 1989 418 2060 sed
434 1990 492 2061 illa
504 1991 597 2078 duo,
608 1996 731 2062 Crasse
741 2014 897 2074 ,vereor,
905 2006 946 2060 ut
960 1987 1040 2060 tibi¹
1053 1989 1186 2087 possim

135 2095 356 2167 concedere:
375 2100 613 2198 unum‚quod
629 2098 675 2169 ab
693 2098 895 2171 oratoribus
913 2101 1071 2172 civitates
1090 2114 1126 2169 et
1140 2097 1187 2169 ab

136 2205 259 2275 initio²
282 2210 510 2297 constitutas,
540 2224 575 2280 et
597 2235 688 2307 saepe
708 2227 930 2283 conservatas
952 2235 1028 2282 esse
1047 2208 1187 2297 dixisti3

137 2312 305 2402 alterum,
328 2317 446 2412 quod,
461 2334 603 2389 remoto
617 2316 718 2407 soro,
736 2320 928 2407 concione,
949 2317 1112 2415 judiciis,
1133 2342 1187 2388 se·

136 2435 240 2509 natu,
255 2428 423 2513 statuisti,
440 2442 618 2497 oratorem
634 2433 670 2497 in
685 2432 784 2498 omni
804 2453 934 2526 genere
956 2429 1130 2498 sermonis
1150 2438 1188 2496 et

135 2530 364 2603 humanitatis
383 2559 457 2605 esse
476 2535 688 2633 perfectum.

183 2644 273 2731 Quis
292 2644 387 2714 enim
408 2643 474 2715 tibi
502 2645 572 2717 hoc
596 2651 827 2736 concesserit,
857 2661 919 2719 aut
947 2648 1049 2718 initio
1073 2669 1188 2743 genus

134 2747 321 2820 hominum
337 2755 373 2821 in
394 2753 577 2825 montibus
595 2780 636 2828 ac
655 2758 751 2827 silvis
771 2758 999 2855 dissipatum,
1015 2780 1088 2826 non
1102 2778 1186 2852 pru·

133 2855 293 2927 dentium
317 2862 471 2931 consiliis
490 2864 716 2961 compulsum
739 2867 878 2964 potius,
904 2885 1013 2963 quam
1038 2858 1186 2935 diserto

132 2987 214 3033 rum
230 2970 392 3037 oratione
410 2968 618 3058 delinitum,
640 2998 678 3044 se
697 2975 839 3072 oppidis
858 2974 1112 3070 moenibusque
1130 2998 1186 3045 se·

131 3075 266 3170 psissel
279 3090 340 3146 aut
358 3102 443 3149 vero
458 3078 613 3177 reliquas
632 3083 892 3169 utilitates,aut
905 3086 942 3153 in
961 3085 1185 3153 constituen-

131 3179 218 3268 dis3,
238 3198 300 3254 aut
317 3186 353 3255 in
371 3189 646 3274 conservandisl
668 3191 891 3278 civitatibus,
914 3215 988 3261 non
1008 3215 1028 3260 a
1047 3191 1186 3286 sapien·

128 3288 226 3362 tibus
244 3309 280 3364 et
294 3292 446 3368 sortibus
457 3300 560 3388 viris,
575 3299 671 3371 seda
685 3301 825 3373 disertis
839 3315 874 3371 et
893 3315 1019 3371 ornate
1036 3299 1185 3370 dicenti·

167 3512 212 3560 tx.
227 3528 249 3560 ι.
264 3518 363 3576 Vereor,
374 3529 401 3565 ut
411 3517 455 3566 citt
460 3519 559 3582 possim.
570 3519 635 3570 aad.
714 3523 740 3571 3.
752 3524 802 3570 Aue
818 3522 843 3569 io
856 3518 1032 3569 constituendis.
1051 3517 1143 3568 Addidi
1159 3518 1186 3566 tir

131 3598 191 3637 vett.
201 3588 284 3639 «houd
298 3594 342 3641 tibi
353 3612 451 3659 puerum
467 3597 599 3647 concedere
607 3619 634 3659 n,
680 3616 735 3647 eum
744 3601 856 3660 Poercio,
865 3599 932 3664 quod
942 3598 1030 3647 delevit
1039 3596 1124 3645 Aldus.
1137 3595 1187 3644 Sed

130 3677 225 3713 servato
240 3679 319 3718 temen
330 3689 429 3722 vereor.
443 3676 535 3725 Ceterae
545 3676 636 3740 prime,
679 3678 736 3727 edd.
755 3694 793 3743 pr.
807 3677 897 3725 babent
910 3677 983 3726 etiem
994 3673 1183 3733 constituendis,

95 3773 101 3781 ·
129 3759 161 3790 m
172 3743 229 3804 tibi,
240 3758 286 3796 etc.
297 3750 342 3795 MS
355 3752 386 3800 Ε.
402 3768 489 3799 vereor
502 3765 561 3812 out,
579 3754 636 3802 inde
679 3768 708 3805 ut
726 3757 771 3804 Ms
791 3758 821 3806 tt.
837 3771 885 3803 non
897 3753 1061 3815 instituendis,
1076 3763 1104 3800 ut
1114 3751 1185 3799 estin

129 3838 162 3870 m.
180 3839 228 3872 sec.
241 3825 297 3874 lecit
308 3827 385 3878 hored.
397 3831 505 3894 Apparet
519 3833 635 3879 incertam
680 3824 792 3897 vulge'tis.
808 3836 960 3882 Euneon-
970 3835 1021 3881 Aut
1033 3829 1185 3879 imtiweudt't

129 3901 271 3965 scripturam
279 3907 469 3971 eseeNulgetum
478 3907 634 3959 estebAldo.
679 3911 759 3961 Guelf.
777 3928 802 3972 ι,
819 3911 998 3971 e‚01iv.8ce.

130 3980 241 4030 Euam.
591 4028 594 4032 .
715 3999 738 4045 4.
753 3991 804 4037 Aut
815 3990 841 4037 io
855 3986 1034 4039 conmodis.
1047 3986 1105 4034 Sola.
1120 3983 1183 4032 tall.

165 4073 189 4107 a.
201 4061 272 4109 leat
284 4061 361 4112 initio.
373 4065 467 4114 timeat.
479 4063 542 4114 delet
554 4067 593 4114 ob.
679 4069 736 4115 Em.
752 4066 831 4115 delent
845 4067 879 4116 in.
