2676 4786
138 398 183 468 3⁸
473 402 520 468 tt.
547 402 586 468 T.
614 401 857 471 CICERONlS

136 515 290 615 nequel,
299 520 329 588 si
341 518 400 589 id9
417 522 553 617 optime
565 522 671 607 sciat,
685 525 903 619 ignarusque
914 524 959 591 sit
972 519 1146 593 laciundae
1157 547 1201 594 ac

136 626 314 726 poliendae
332 631 524 719 orationis,
554 631 683 703 diserte
707 630 888 727 idipsum
907 654 1031 728 posse,
1056 630 1101 702 dc
1122 656 1201 730 quo

136 740 226 811 sciat
237 748 287 822 ¹⁰,
305 739 437 812 dicere.

186 852 261 919 XV.
280 850 367 945 (xv.)
384 850 650 939 Quamobrem,
676 852 704 921 si
728 854 811 948 quis
830 853 1033 920 universam
1055 865 1092 920 et
1117 873 1200 946 pro·

136 958 249 1055 priam
264 962 414 1031 oratoris
433 964 505 1031 vim
519 960 670 1033 definire
686 961 953 1058 complectique
962 957 1057 1045 vult,
1076 960 1105 1028 is
1119 982 1199 1029 ora·

134 1082 193 1139 tor
202 1070 269 1140 erit
279 1124 288 1157 ,
300 1095 380 1142 mea
394 1075 590 1156 sententia,
611 1071 682 1142 hoc
696 1085 768 1140 torn
780 1071 877 1166 gravi
888 1067 1019 1164 dignus
1029 1069 1201 1153 nomine,

133 1178 214 1275 qui,
235 1204 473 1278 quaecumque
492 1206 549 1253 res
566 1180 730 1253 inciderit
742 1190 768 1266 ¹,
787 1181 932 1276 quaesit
953 1177 1112 1248 dictione
1133 1201 1194 1247 ex·

134 1287 317 1385 plicanda,
336 1290 544 1388 prudenter,
563 1305 599 1363 et
618 1293 839 1388 composite,
858 1304 894 1361 et
909 1303 1054 1373 ornate,
1072 1302 1109 1359 et
1125 1312 1197 1358 me·

135 1398 284 1467 moriter
306 1397 417 1484 dicat,
439 1424 520 1471 curn
541 1402 697 1498 quadam
718 1403 824 1471 etiarn
845 1400 994 1471 actionis
1013 1399 1196 1493 dignitate

134 1505 196 1575 Sin
215 1509 368 1605 cuipiam
387 1512 492 1580 nimis
512 1510 694 1582 infinitum
714 1510 869 1597 videtur,
888 1507 987 1607 quod
1008 1511 1057 1578 ita
1073 1509 1197 1604 posui,

134 1638 363 1715 quacumque
382 1619 426 1690 de
447 1645 504 1706 re,
525 1622 607 1694 licet
626 1622 730 1708 hinc,
748 1636 924 1718 quantum
947 1622 1079 1715 cuique
1095 1617 1195 1688 vide·

134 1722 245 1813 bitur,
263 1731 493 1803 circumcidat
510 1747 620 1831 atque
639 1746 827 1831 amputet:
846 1745 968 1801 tamen
985 1726 1072 1798 illud
1095 1742 1195 1798 tene·

135 1835 201 1927 bo,
220 1843 266 1926 si,
291 1868 371 1939 quae
390 1848 519 1917 ceteris
546 1848 583 1917 in
608 1846 745 1917 artibus
770 1860 831 1917 aut
859 1844 985 1915 studiis
1007 1843 1072 1912 sita
1093 1856 1197 1927 sunt,

135 1963 258 2019 orator
289 1954 444 2046 ignoret,
472 1968 687 2051 tantumque
718 1981 758 2027 ea
787 1971 924 2036 teneat,
956 1978 1036 2049 quoe
1065 1954 1195 2023 sintin

134 2052 471 2153 disceptationibus,
497 2078 607 2159 atque
630 2067 668 2134 in
698 2091 764 2134 usu
791 2064 966 2149 lorensi'23
996 2077 1116 2132 tamen
1140 2060 1196 2131 his

134 2163 309 2239 derebus
332 2173 417 2267 ipsis
440 2175 467 2241 si
491 2175 536 2243 sit
558 2178 590 2243 ei
612 2173 825 2259 dicendum,
849 2196 964 2269 quum
986 2162 1196 2267 cognoverit

135 2273 181 2345 ab
198 2277 258 2362 iis,
276 2281 340 2374 qui
354 2295 497 2366 tenent,
515 2308 595 2378 quae
610 2287 681 2352 sint
699 2285 734 2352 in
751 2307 896 2380 quaque
914 2306 971 2367 re,
990 2279 1106 2351 multo
1120 2302 1195 2348 ora·

135 2398 248 2457 torem
264 2389 406 2473 melius,
423 2417 531 2487 quarn
548 2395 645 2488 ipsos
657 2392 748 2477 illos,
760 2416 917 2489 quorum
929 2402 1194 2472 eaesuntartes,

135 2516 211 2565 esse
227 2495 419 2569 dicturum.
436 2506 489 2570 lta
506 2502 532 2569 si
551 2501 596 2572 de
610 2527 648 2572 rc
662 2502 805 2573 militari
818 2500 1010 2572 dicendum
1028 2497 1113 2568 huic
1127 2498 1194 2567 erit

134 2603 308 2702 Sulpicio,
331 2625 465 2705 quaerct
483 2636 502 2680 a
521 2616 559 2681 C.
578 2608 717 2681 Μεινίο3
734 2611 831 2683 affini
852 2624 1056 2695 nostro,et,
1079 2631 1194 2704 quum

169 2788 192 2833 8.
204 2787 289 2850 Neque
299 2804 442 2851 quemquam
451 2788 475 2836 in
487 2806 515 2837 eo
524 2788 639 2836 disertum
720 2792 776 2837 XV.
792 2807 814 2837 r.
831 2787 950 2838 Inuident
966 2824 973 2836 .
985 2821 1008 2833 ..
1024 2785 1064 2833 sit.
1073 2788 1114 2833 W.
1133 2784 1193 2834 inci-

133 2877 268 2927 esseposse,
280 2866 542 2931 qualiumcumque
550 2866 573 2915 si
581 2865 643 2932 quid
684 2868 826 2918 derunt...
841 2866 897 2915 erist.
917 2867 962 2914 MS
979 2866 1006 2914 E.
1023 2882 1056 2914 m.
1076 2880 1096 2913 ι,
1113 2886 1125 2906 ι
1135 2881 1193 2928 qua·

134 2942 222 3004 optuue
233 2943 303 3002 sciat,
312 2955 358 2993 etc.
368 2944 496 3007 Vulgatam
510 2947 640 2995 lectionem
683 2962 787 3010 eumque
808 2946 838 2994 de
852 2962 878 2994 re
898 2945 1026 3001 inciderit,
1043 2959 1098 3007 qnae
1110 2944 1143 2991 eit
1155 2944 1195 2992 di·

133 3019 242 3069 defendit
264 3024 405 3071 Goerenains
426 3024 457 3071 ad
476 3026 526 3073 l'in.
547 3028 584 3084 ll,
607 3040 638 3073 a:
683 3026 764 3086 ctione
775 3023 947 3089 explicanda».
961 3023 1025 3069 Eun.

133 3121 146 3141 ι
157 3116 235 3164 neque
253 3103 273 3149 si
289 3102 314 3149 id
334 3103 415 3166 (quod
433 3104 524 3165 nescit)
546 3104 638 3167 optime
719 3119 742 3151 a.
755 3107 832 3167 Atque
843 3103 867 3150 in
879 3098 1031 3167 usuforeuu'.
1042 3101 1105 3147 liene
1119 3111 1192 3163 atque

132 3183 192 3228 sciat
205 3181 349 3245 ignameqoe
359 3182 380 3228 ei
389 3182 420 3229 sit
433 3182 547 3231 faciende
556 3199 584 3229 ae
594 3199 638 3246 po-
682 3197 727 3244 prn
741 3193 786 3228 aut
794 3180 862 3228 dedit
876 3180 999 3234 Parcius,
1008 3193 1063 3225 num
1077 3178 1112 3225 sic
1126 3178 1151 3224 in
1162 3178 1192 3225 ll-

132 3258 218 3307 liendt
231 3263 359 3321 orationis,
371 3271 417 3309 etc.
427 3284 440 3301 n
456 3272 573 3326 putaque
586 3261 637 3311 haec
681 3259 731 3307 brie
747 3272 791 3308 est.
807 3260 886 3307 Etiam
899 3259 974 3307 nrt·
990 3274 1064 3305 manu
1077 3257 1191 3307 secunda.

132 3340 191 3400 poni
205 3338 348 3403 proaquod
360 3340 382 3386 ei
394 3340 431 3386 rel
441 3341 533 3403 optime
549 3343 609 3389 sciat
619 3363 637 3388 ι.
682 3339 730 3386 Sed
755 3340 826 3386 etiam
849 3352 892 3387 otu
913 3337 1034 3385 interdum
1055 3336 1193 3401 copuletire

131 3417 221 3464 Verum
231 3417 283 3465 hac
303 3419 364 3467 ratio
377 3418 435 3465 mihi
452 3418 591 3466 duriuscule
601 3420 636 3467 vi·
682 3416 853 3464 (licitantes.

130 3495 207 3545 detur.
225 3497 369 3545 Particulam
386 3499 407 3546 st‘
419 3516 491 3562 quam
506 3502 537 3545 V.
559 3501 591 3546 D.
611 3499 636 3545 in
716 3496 740 3543 3.
762 3496 860 3557 Quoeret
877 3509 892 3538 u
915 3494 940 3541 C.
959 3492 1039 3542 Murio
1057 3490 1129 3559 ruffini
1145 3509 1190 3540 no·

129 3574 203 3624 codd.
213 3588 269 3638 post
278 3578 427 3641 ignarusque
433 3579 557 3641 repetitam
566 3577 635 3636 vidit,
679 3593 737 3630 stro.
749 3581 795 3629 llio
810 3581 849 3628 ille
864 3591 902 3629 eet
916 3581 990 3630 Caius
1003 3582 1111 3636 Murius,
1130 3581 1192 3631 celo·

130 3668 176 3716 ego
185 3670 284 3718 quoque
293 3658 369 3719 repeti
382 3656 451 3704 facile
461 3660 548 3721 patior.
558 3662 616 3706 Son.
679 3661 796 3710 berrimnu
816 3662 985 3708 Romanorum
1005 3661 1151 3724 imperator,
1165 3659 1193 3706 in

164 3749 188 3793 9.
203 3733 229 3778 Si
242 3733 275 3781 td.
293 3734 419 3783 Schiitzius
429 3736 525 3799 siquid.
539 3738 633 3801 vulgat.
679 3739 744 3787 hetto
753 3738 872 3797 hostibus,
882 3739 907 3786 in
916 3740 969 3786 otio
980 3737 1074 3785 civibus
1085 3738 1189 3785 infestis·

128 3810 236 3858 delendit
249 3815 316 3861 Goer.
327 3814 358 3860 ad
371 3814 415 3861 lib.
430 3814 459 3861 de
471 3816 548 3862 tttnib.
560 3817 597 3874 11,
610 3833 634 3864 a.
679 3819 765 3870 aimus,
787 3816 924 3880 qnietieqne
951 3815 1190 3880 impatientissimus,

126 3892 151 3937 J.
164 3890 195 3936 V.
210 3893 237 3938 L.
678 3894 1027 3959 utrelertl'atercnlue;qoem
1036 3893 1192 3942 humililoco

165 3983 203 4017 to.
218 3971 313 4033 Deque
326 3970 398 4018 sciat.
408 3971 504 4021 Schutz.
518 3974 558 4022 dat
568 3976 637 4038 quod
679 3985 762 4021 natum
773 3972 805 4020 ed
815 3973 975 4037 amplissimo·
988 3971 1126 4036 reipublicae
1138 3988 1188 4018 me·

126 4048 190 4095 sciat.
212 4049 373 4113 Heusingerue
391 4050 563 4114 interpolatum
587 4071 633 4118 pn·
679 4055 791 4118 gistratum
800 4049 1188 4116 singulerievirtusevexit.dpud

127 4127 201 4177 tabat.
680 4130 819 4179 Sallustium
839 4132 895 4179 dum
911 4132 1027 4196 loquitur,
1037 4130 1095 4177 artis
1104 4139 1189 4177 orato-
