2676 4786
335 455 340 463 .
373 389 436 457 nn
459 388 691 474 ommnn,
715 390 848 460 unna
871 393 905 477 1,
924 389 959 459 o.
1147 412 1187 486 ¹7

155 508 270 580 menda
287 523 351 581 est
372 509 528 581 Accedat
545 507 674 582 eodem
692 526 836 610 oportet
854 511 955 610 lepos
976 510 1118 609 quidam
1137 509 1190 582 fa·

150 618 328 715 cetioeque,
348 634 385 689 et
409 618 565 691 eruditio
595 618 710 691 libero
741 620 865 717 digna,
895 621 1130 719 celeritasque
1156 634 1193 691 et

143 723 292 799 brevitas
302 742 339 800 et
349 727 594 826 respondendi
605 745 640 802 et
651 729 860 818 lacessendi,
874 729 997 802 subtili
1005 741 1190 802 venustate

141 851 246 934 atque
276 837 481 910 urbanitate
509 841 713 935 conjuncta.
743 840 909 913 Tenenda
940 855 1111 938 praeterea
1139 852 1193 909 est

136 948 256 1018 omnis
276 949 471 1045 antiquitas
488 949 812 1046 exemplorumque
827 950 896 1037 vis;
920 973 1038 1047 neque
1056 949 1195 1044 legum,

132 1071 200 1128 aut
214 1058 307 1152 juris
325 1058 457 1129 civilis²
479 1060 629 1130 scientia
655 1058 866 1156 negligenda
886 1057 973 1130 est³.
994 1061 1084 1129 Nam
1104 1053 1193 1155 quid

131 1167 261 1265 egode
275 1169 417 1238 actione
426 1169 500 1265 ipsa
513 1168 619 1264 plura
634 1167 793 1238 ‹ticamtt
809 1192 890 1264 quae
898 1181 1001 1247 motu
1015 1166 1193 1263 corporis,
1302 1189 1305 1196 ·

124 1300 217 1372 quae
233 1291 356 1373 gestu,
379 1301 460 1373 quae
479 1276 603 1364 vultu,
626 1303 707 1375 quae
725 1279 823 1349 vocis
849 1275 1134 1348 conformatione
1154 1297 1195 1346 ac

128 1389 306 1456 varietate
323 1385 545 1458 moderanda
561 1402 633 1473 cst,
650 1411 732 1483 quac
751 1387 826 1459 sola
845 1410 911 1485 per
922 1412 959 1459 se
974 1389 1048 1484 ipsa
1062 1398 1198 1482 quanta¹

126 1494 199 1578 sit,
227 1492 444 1565 histrionum
470 1493 557 1580 levis
576 1520 633 1567 ars
656 1513 692 1567 et
716 1520 823 1568 scena
849 1496 1032 1568 declarat:
1055 1497 1092 1564 in
1125 1517 1196 1590 qua

130 1626 252 1700 quum
270 1627 396 1674 omncs
412 1605 449 1674 in
468 1606 558 1691 oris,
579 1619 615 1676 et
632 1610 745 1694 vocis,
763 1620 798 1675 et
816 1620 937 1675 motus
951 1601 1198 1674 moderatione

133 1711 343 1800 elaborent,
357 1715 438 1809 quis
450 1714 613 1811 ignorat,
628 1739 738 1812 quam
755 1716 860 1811 pauci
875 1714 961 1799 sint,
978 1709 1199 1806 fuerintque,

136 1845 229 1918 quos
247 1825 370 1893 animo
393 1847 498 1919 aequo
517 1838 679 1921 spectare
695 1823 898 1922 possimus?
917 1819 1015 1911 Quid
1027 1819 1140 1890 dicam
1155 1814 1199 1887 de

140 1929 309 2003 thesauro
332 1954 455 2002 rerum
469 1933 654 2012 omnium,
676 1933 873 2017 memorial
892 1955 973 2027 quae
993 1930 1061 2000 nisi
1079 1940 1198 1998 custos

145 2035 293 2110 inventis
310 2041 544 2138 cogitatisque
564 2039 696 2112 rebus⁵
716 2056 753 2113 et
768 2040 889 2112 verbis
905 2038 1129 2124 adhibeatur,
1145 2038 1198 2106 iu·

147 2146 347 2245 telligimus,
372 2153 510 2236 omnia,
534 2151 672 2222 etiamsi
698 2151 963 2249 praeclarissima
996 2147 1129 2218 luerint
1158 2149 1197 2215 in

151 2271 300 2345 oratore,
333 2256 527 2357 peritura⁶.
556 2258 798 2349 Quamobrem
826 2261 946 2330 mirari
973 2258 1196 2340 desinamus,

85 2429 87 2437 ,
152 2387 220 2463 quae
236 2391 343 2439 causa
365 2371 410 2440 sit
433 2367 682 2465 eloquentium
709 2369 915 2469 paucitatis,
944 2390 1055 2464 quum
1084 2388 1128 2435 ex
1154 2365 1197 2433 iis

85 2520 90 2562 ,
152 2474 249 2548 rebus
268 2481 442 2550 universis
453 2478 660 2576 eloquentia
674 2494 831 2563 constet,
849 2476 983 2575 quibus
997 2479 1035 2545 in
1047 2473 1195 2569 singulis

85 2647 92 2656 .
154 2583 324 2658 elaborare
342 2612 574 2685 permagnum
596 2605 664 2677 est3
690 2588 952 2683 hortemurque
971 2585 1091 2682 potius
1110 2581 1196 2653 libe-

85 2754 93 2767 .
154 2711 201 2764 ros
219 2710 381 2783 nostros,
407 2712 635 2795 ceterosque,
654 2722 811 2795 quorum
834 2697 945 2793 gloria
964 2692 1069 2764 nobis
1086 2706 1123 2761 et
1140 2689 1195 2762 di·

154 2808 254 2896 gnitas
273 2829 355 2876 cara
371 2820 440 2894 est,
471 2820 511 2876 ut
529 2809 649 2879 animo
668 2809 718 2878 rei
739 2805 1022 2904 magnitudinem
1039 2799 1196 2899 comple·
1246 2850 1250 2857 -

85 2963 91 3016 ἱ
155 2924 295 3000 utantur,
318 2914 437 3012 neque
456 2917 498 2986 iis
519 2932 580 2987 aut
598 2918 804 3014 praeceptis,
824 2929 887 2986 aut
913 2913 1107 3009 magistris,
1134 2924 1196 2981 aut

85 3088 92 3100 ,
156 3021 475 3112 exercitationibus,
511 3025 642 3120 quibus
674 3040 828 3096 utuntur
854 3047 993 3110 omnes,
1025 3019 1087 3091 sed
1120 3018 1195 3089 aliis

85 3201 89 3211 ,
155 3130 377 3222 quibusdam,
402 3159 439 3204 se
465 3133 517 3222 id,
547 3134 644 3231 quod
675 3148 867 3232 expetunt,
891 3132 1064 3225 consequi
1091 3150 1194 3224 posse
1303 3118 1307 3126 ’

156 3239 338 3311 confidant.

193 3349 249 3418 vt.
275 3349 352 3443 (vt.)
372 3355 423 3420 Ac
446 3374 526 3421 mea
552 3352 699 3449 quidem
726 3351 903 3424 sententia
925 3369 1033 3418 nemo
1064 3343 1195 3440 poterit

181 3582 202 3615 a.
215 3571 267 3615 Aut
279 3566 345 3632 juris
359 3568 443 3618 civilis.
459 3567 587 3618 Sehiiteius
603 3569 645 3619 det
724 3564 747 3611 5·
771 3561 935 3626 0085&ssqu
958 3559 1038 3607 rebm-
1067 3553 1194 3605 Schfiffl'lt'

155 3642 236 3707 “juris
246 3647 289 3694 eie.
299 3662 354 3693 cum
365 3648 444 3695 Guelf.
461 3663 484 3707 1,
497 3663 522 3694 a.
688 3643 730 3690 det
743 3641 919 3703 ordinatisque.
933 3641 998 3691 Hoc,
1013 3638 1104 3699 inquit,
1123 3648 1194 3698 repo·

182 3725 206 3772 3.
224 3725 377 3790 Negligenda
397 3737 439 3773 ese.
467 3726 539 3774 Liber
561 3725 646 3790 Langli
688 3720 795 3769 neudum
817 3735 868 3766 esse
889 3732 920 3764 ex
936 3715 1066 3778 Augustini
1086 3712 1193 3774 Princip.

154 3803 297 3852 concedenda
317 3815 359 3852 est.
372 3806 454 3854 Genu.
690 3801 780 3848 rhetor.
793 3813 848 3862 pag.
864 3796 915 3858 ²9⁵
921 3829 928 3854 ,
938 3792 976 3842 ed.
991 3792 1052 3842 Pith.
1066 3790 1125 3839 vidit
1136 3791 1194 3838 Bur-

182 3889 206 3939 4.
222 3886 259 3931 De
271 3883 368 3930 aetium
384 3884 436 3946 epia
453 3883 528 3946 plura
548 3882 647 3930 dicum?
690 3893 800 3926 manuue,

153 3959 177 4007 ld
192 3973 237 4023 ea,
255 3962 340 4011 multe.
355 3962 403 4010 Sed
418 3961 445 4009 id
459 3978 509 4010 nou
527 3971 564 4011 eet
580 3960 649 4010 Cice·
727 3957 753 4004 6.
775 3953 872 4001 Fuerint
892 3951 917 3997 in
940 3961 1050 4006 cratere,
1070 3947 1193 4013 periture.

152 4041 212 4089 roei·
229 4052 254 4090 et
273 4041 381 4089 melioris
398 4042 482 4089 etatis.
495 4043 579 4105 ltaque
593 4055 649 4103 epu·
693 4035 733 4084 ste
758 4029 992 4096 interpungendum,
1014 4043 1063 4076 non
1087 4024 1195 4073 uiuerint

152 4119 208 4167 rium
218 4121 312 4180 indico.
326 4120 393 4169 En.
694 4114 721 4163 in
732 4123 828 4162 oratore
838 4110 971 4175 peritum.
983 4108 1047 4155 Eu.

216 4215 258 4282 ll.
286 4231 330 4277 Cu.
341 4243 397 4294 pm
405 4230 487 4292 prime.
1032 4223 1051 4265 2
