2676 4786
236 404 277 471 rll
563 400 611 466 M.
637 399 675 467 Τ.
702 397 941 470 CICERONIS

232 546 308 594 esse
327 522 426 591 omni
443 518 548 590 laude
565 519 766 590 cumulatus
785 525 919 605 o'rator,
938 521 1006 589 nisi
1022 519 1091 590 erit
1117 521 1282 590 omnium

229 653 351 702 rerum
369 651 577 727 magnorum
598 644 706 725 atque
728 630 858 699 arnum
873 629 1056 700 scientiam
1077 651 1283 725 consequu-

135 766 141 779 ⁸
230 738 457 810 tue-Etenim
475 761 520 808 ex
536 760 659 809 rerum
671 738 877 835 cognitione
889 734 1086 808 efflorescat
1098 751 1134 808 et
1147 736 1283 808 redun-

230 847 293 920 det
312 861 458 946 oportet
474 850 607 920 oratio:
627 873 725 945 quae,
742 850 811 921 nisi
829 847 953 919 subest
968 871 1026 919 res
1044 846 1110 918 ab¹
1139 860 1284 917 oratore

230 972 400 1056 percepta
417 972 455 1028 et
473 957 632 1054 cognita,
653 961 799 1031 inanem
820 956 1013 1054 quamdam
1030 955 1140 1028 habet
1160 955 1283 1027 elocu-

231 1069 385 1154 tionem,
404 1080 441 1137 et
462 1090 562 1164 pene
579 1069 765 1165 puerilem.
784 1071 913 1164 Neque
929 1091 1016 1138 vero
1032 1089 1099 1164 ego
1119 1065 1190 1137 boc
1209 1081 1284 1136 tan·

229 1189 329 1248 tum²
352 1175 471 1247 oneris
489 1179 672 1273 imponam
692 1178 824 1249 nostris
846 1180 1044 1275 presertim
1062 1173 1285 1259 oratoribus,

229 1287 268 1356 in
287 1285 354 1356 hac
374 1299 473 1355 tanta
497 1287 735 1383 occupatione
759 1284 859 1357 urbis
883 1309 924 1356 ac
950 1286 1048 1372 vite,
1070 1283 1160 1356 nibil
1181 1298 1223 1355 ut
1243 1284 1285 1353 i'u

228 1409 355 1493 putem
372 1394 479 1466 licere
496 1396 660 1467 nescire:
682 1420 903 1493 quamquam
926 1396 980 1466 vis
1004 1395 1174 1482 oratoris,
1199 1416 1284 1492 pro·

228 1503 408 1601 sessioque
425 1508 504 1602 ipsa
523 1503 618 1577 bene
640 1505 803 1592 dicendi,
826 1505 897 1576 hoc
916 1505 1098 1602 suscipere
1115 1527 1157 1574 ac
1177 1500 1285 1601 polli-

228 1615 302 1685 ceri
322 1605 502 1700 videtur3,
517 1628 558 1685 ut
576 1617 677 1689 omni
696 1614 741 1687 de
760 1640 800 1687 re
808 1637 1074 1712 ,quaecumque
1091 1613 1137 1685 sit
1152 1636 1286 1711 propo·

228 1720 332 1809 siut,
355 1720 402 1792 ab
429 1746 473 1794 eo
500 1721 654 1796 ornate⁵
656 1725 911 1822 ,copioseque
930 1721 1079 1793 dicatur.
1107 1720 1176 1793 Sed
1198 1722 1286 1818 quia

229 1856 305 1903 non
329 1830 477 1918 dubito,
507 1834 596 1927 quin
622 1831 702 1904 hoc
721 1832 934 1929 plerisque
926 1852 1139 1902 immensum
1164 1827 1285 1900 infini-

229 1955 382 2037 tumque
393 1939 566 2026 videatur,
583 1956 619 2012 et
634 1940 734 2038 quod
747 1946 891 2013 Graecos
905 1940 1069 2011 homines
1081 1964 1156 2010 non
1167 1937 1287 2009 solum

228 2050 375 2145 ingenio
393 2063 430 2118 et
448 2047 631 2137 doctrina,
651 2049 713 2120 sed
733 2053 839 2120 etiam
858 2053 933 2121 otio
954 2049 1146 2145 studioque
1168 2046 1285 2118 abun·

230 2158 375 2243 dantes,
395 2161 625 2254 partitionem
646 2157 840 2255 quamdam
855 2154 1011 2228 artium⁶
1027 2156 1150 2229 iecisse
1163 2155 1287 2243 video,

229 2290 349 2363 neque
363 2266 401 2335 in
417 2267 585 2336 universo
601 2265 732 2362 genere
749 2264 909 2363 singulos
924 2265 1143 2352 elaborasse,
1156 2264 1220 2338 sed
1233 2290 1287 2338 se·

229 2376 390 2473 posuisse
411 2399 432 2445 a
452 2377 577 2447 ceteris
607 2376 825 2448 dictionibus
852 2401 931 2447 eam
960 2390 1098 2475 partem
1127 2374 1287 2462 dicendi,

231 2509 311 2581 quae
337 2484 375 2554 in
397 2482 600 2556 forensibus
624 2485 943 2583 disceptationibus
961 2484 1198 2581 judiciorum,
1224 2498 1289 2555 aut

231 2592 553 2666 deliberationum7
569 2611 780 2680 versaretur,
797 2611 835 2667 et
847 2597 883 2669 id
897 2619 1010 2667 unum
1027 2619 1140 2692 genus
1153 2596 1288 2665 oratori

231 2704 439 2800 reliquisse:
454 2728 528 2774 non
541 2705 759 2804 complectar
771 2708 807 2776 iu
822 2705 877 2777 bis
887 2703 986 2777 libris
994 2704 1163 2802 amplius,
1177 2727 1288 2800 quam

267 2862 312 2910 vt.
324 2877 347 2908 1.
359 2862 420 2924 Qua
429 2860 478 2908 nisi
490 2862 615 2910 subestree
630 2863 661 2910 ab
676 2874 738 2912 orat.
788 2861 938 2913 .....video.
956 2860 1084 2911 Scbiitsins
1105 2862 1168 2911 delet
1187 2862 1288 2910 artium.

232 2935 284 2992 Pel·
294 2956 331 3004 pr.
342 2955 371 2988 so
382 2955 430 2989 rec.
442 2956 536 2989 amnon
550 2941 615 2990 etth.
628 2952 652 2990 et
662 2944 739 2990 Mem·
819 2958 842 3001 7.
857 2941 911 2989 Ant
922 2941 1132 2989 deliberationum.
1150 2943 1262 2989 ramim
1273 2956 1289 2988 e

233 3020 276 3069 mii
289 3033 365 3077 unm,
377 3034 452 3081 «qun
463 3020 510 3067 nisi
523 3020 554 3068 sit
567 3019 597 3067 ab
611 3032 706 3069 oratore
715 3043 737 3070 ι.
782 3023 843 3071 Mss
852 3020 920 3071 dedit
929 3037 967 3068 ac.
979 3020 1041 3068 Mihi
1052 3031 1130 3068 totum
1140 3019 1188 3068 boc
1196 3019 1290 3067 attede·

235 3100 318 3147 Gaur.
673 3122 683 3153 ι
783 3098 954 3147 liberationum
970 3110 1107 3164 suspectum
1127 3109 1171 3146 eat.
1186 3099 1248 3147 Nem
1261 3099 1289 3146 in

271 3192 294 3225 a.
310 3176 364 3241 Ego
378 3173 538 3222 laetantem.
553 3173 678 3225 Schiitrins
694 3177 736 3225 de·
782 3178 840 3225 loro
847 3192 898 3225 non
907 3176 1289 3226 suntdellberstiones2dcntnec

234 3257 268 3304 let
286 3255 339 3303 ltoc.
783 3258 910 3305 consilinm
920 3258 1068 3320 populi,sed
1078 3258 1289 3306 consiliantium

270 3337 294 3382 3.
306 3333 413 3382 Videtur.
424 3330 488 3379 Edd.
497 3332 601 3381 vested.
611 3349 630 3380 s.
644 3333 663 3382 l.
679 3345 702 3381 et
716 3351 738 3381 a.
782 3336 918 3394 orationes,
927 3351 982 3399 que
990 3337 1015 3383 in
1024 3336 1142 3385 concione
1150 3336 1237 3400 populi
1244 3335 1289 3383 ln·

235 3414 299 3477 lips.
311 3400 435 3466 namur,
445 3410 612 3474 quodnecepit
622 3412 739 3460 Petreius.
784 3414 873 3461 bentnr
888 3413 927 3461 vel
946 3414 1062 3462 suadendi
1080 3415 1118 3463 vel
1133 3413 1289 3462 dissuadendi

236 3489 283 3537 Sed
297 3489 395 3537 videmr
407 3499 499 3535 rectum
512 3498 556 3535 est.
565 3489 629 3535 Ean.
784 3507 864 3549 canu,
874 3503 930 3539 sunt
943 3492 990 3539 ille
1001 3492 1120 3555 quideme
1130 3508 1216 3554 genere
1227 3490 1289 3539 deli-

272 3577 297 3624 t.
312 3569 475 3629 Qnoecnmqne
484 3566 514 3612 tit
520 3567 655 3630 proposita.
665 3568 740 3615 Galli·
784 3568 1290 3627 berativo‚sediuiialrsbendistsmennon

234 3646 291 3692 ceni
300 3644 336 3692 illi
351 3645 401 3694 duo
406 3643 503 3708 potita,
515 3643 581 3707 quod
592 3645 682 3707 placuit
692 3648 741 3694 Gu-
785 3658 820 3695 est
831 3648 929 3712 proprie
939 3647 1087 3699 deliberatio.
1098 3650 1154 3705 Isti,
1162 3649 1192 3696 de
1201 3649 1290 3712 quibus

235 3723 345 3772 lielmlo:
362 3738 407 3770 nec
418 3721 571 3770 abhorremus
588 3723 618 3770 ab
631 3739 661 3771 eo
675 3725 740 3787 ipse,
785 3726 871 3775 Cicem
889 3726 1014 3789 loquitur,
1030 3728 1105 3776 solam
1125 3728 1288 3791 eloquentiam

237 3803 285 3850 niel
305 3801 407 3849 merum
428 3801 569 3849 invenissem
587 3803 613 3847 in
631 3803 742 3850 omnibns
781 3803 928 3863 judiciorum
941 3807 1154 3870 persequebantur,
1164 3817 1188 3854 et
1198 3807 1289 3853 oratori

237 3881 296 3930 Pell.
309 3882 393 3928 Gnu'r.
731 3892 734 3897 ·
785 3882 931 3930 tribuebant.
943 3883 1008 3933 Iulr'a
1028 3887 1150 3933 tamenin
1165 3885 1249 3933 erdem
1263 3901 1289 3931 re

274 3961 298 4006 5.
310 3956 347 4005 Ab
356 3973 385 4004 eo
394 3968 488 4003 ornate.
500 3956 598 4004 schiitz.
609 3955 651 4004 dat
658 3970 743 4007 ornate
785 3960 893 4020 «judicis
907 3971 932 4008 et
944 3963 1111 4011 concinnenda
1119 3984 1131 4005 n
1145 3979 1289 4012 commemo·

238 4039 269 4084 ab
278 4054 313 4084 eo.
785 4050 869 4087 rentur
882 4057 935 4104 cup.
956 4058 1000 4099 ιι,
1013 4043 1078 4090 unde
1094 4043 1156 4090 forte
1169 4042 1218 4090 boc
1231 4042 1288 4090 loeo

272 4117 298 4164 ὀ.
322 4111 477 4160 Partitionem
497 4113 629 4175 quamdam
653 4115 742 4163 articam
786 4117 927 4166 concionum
938 4118 1074 4182 legendum.
1087 4121 1150 4169 Eun.
